timestamp,ltp,bid,ask,bidQty,askQty,volume,unknown
2024-12-31 09:15:00,194.0,1,589650,177.95,75,191.45,150
2024-12-31 09:15:00,194.0,1,589650,177.95,75,191.45,150
2024-12-31 09:15:00,177.95,1,589650,177.95,75,191.45,150
2024-12-31 09:15:00,177.95,4050,589650,177.95,75,191.45,150
2024-12-31 09:15:02,182.5,14850,589650,179.7,150,182.4,150
2024-12-31 09:15:03,175.2,12900,589650,175.55,150,176.65,150
2024-12-31 09:15:05,171.3,13050,589650,172.5,150,173.7,75
2024-12-31 09:15:07,170.45,15600,589650,171.35,225,172.0,150
2024-12-31 09:15:08,166.45,23475,589650,166.9,75,167.55,300
2024-12-31 09:15:10,162.3,26775,589650,162.75,150,163.35,75
2024-12-31 09:15:12,160.55,15600,589650,161.65,75,162.3,150
2024-12-31 09:15:13,162.15,13875,589650,161.3,225,162.0,75
2024-12-31 09:15:15,163.05,17025,589650,162.9,450,163.7,600
2024-12-31 09:15:17,163.85,49425,589650,163.2,600,163.85,75
2024-12-31 09:15:18,167.15,28950,589650,166.3,225,167.15,225
2024-12-31 09:15:20,166.8,14700,589650,166.0,150,166.8,675
2024-12-31 09:15:22,168.4,27975,701925,167.9,225,168.5,150
2024-12-31 09:15:23,168.35,19575,701925,167.7,300,168.3,150
2024-12-31 09:15:25,166.5,12525,701925,166.65,75,167.1,225
2024-12-31 09:15:27,166.2,24675,701925,165.75,75,166.2,375
2024-12-31 09:15:28,165.15,18300,701925,164.8,375,165.15,1875
2024-12-31 09:15:30,165.1,25575,701925,165.15,75,165.5,825
2024-12-31 09:15:32,165.2,15075,701925,164.75,225,165.1,900
2024-12-31 09:15:33,165.7,7800,701925,165.15,75,165.7,525
2024-12-31 09:15:35,166.35,8550,701925,165.7,675,166.3,750
2024-12-31 09:15:37,166.65,6075,701925,166.5,75,167.15,75
2024-12-31 09:15:38,167.75,7350,701925,167.2,225,167.75,225
2024-12-31 09:15:40,165.0,11700,701925,165.05,1800,165.4,525
2024-12-31 09:15:42,166.4,30225,701925,165.85,150,166.4,750
2024-12-31 09:15:43,165.0,10425,701925,165.0,375,165.3,1275
2024-12-31 09:15:45,163.5,7500,701925,162.8,750,163.3,150
2024-12-31 09:15:47,161.0,14700,701925,161.0,300,161.2,150
2024-12-31 09:15:48,159.3,10650,701925,159.35,525,159.7,600
2024-12-31 09:15:50,158.6,10125,701925,161.0,150,161.5,525
2024-12-31 09:15:52,162.6,4500,701925,162.05,75,162.4,75
2024-12-31 09:15:53,164.0,13950,701925,163.35,450,163.8,750
2024-12-31 09:15:55,161.75,24600,701925,161.8,150,162.3,900
2024-12-31 09:15:57,162.7,9150,701925,162.65,75,163.15,300
2024-12-31 09:15:58,162.85,9150,701925,162.75,75,163.2,150
2024-12-31 09:16:00,163.05,11025,701925,162.8,225,163.3,750
2024-12-31 09:16:02,161.75,28125,701925,161.75,450,162.0,150
2024-12-31 09:16:03,163.85,14775,701925,163.5,75,163.85,1275
2024-12-31 09:16:05,162.6,9750,701925,162.15,75,162.55,600
2024-12-31 09:16:07,160.8,19725,701925,160.85,225,161.3,225
2024-12-31 09:16:08,161.6,8550,701925,161.3,300,161.7,225
2024-12-31 09:16:10,161.25,12075,701925,161.25,300,161.65,75
2024-12-31 09:16:12,161.7,15375,701925,161.3,75,161.7,75
2024-12-31 09:16:13,162.0,9600,701925,161.65,300,162.0,75
2024-12-31 09:16:15,161.7,5850,701925,161.25,75,161.6,75
2024-12-31 09:16:17,161.15,14850,701925,160.85,300,161.3,225
2024-12-31 09:16:18,161.25,2775,701925,160.8,525,161.2,75
2024-12-31 09:16:20,161.35,5625,701925,161.25,75,161.6,600
2024-12-31 09:16:22,161.9,7650,701925,161.45,1050,161.9,600
2024-12-31 09:16:23,161.6,9675,701925,161.6,375,161.9,825
2024-12-31 09:16:25,161.25,4950,701925,161.05,150,161.45,450
2024-12-31 09:16:26,161.5,6750,701925,161.1,975,161.5,225
2024-12-31 09:16:28,161.5,7350,701925,161.3,75,161.7,525
2024-12-31 09:16:30,162.45,10875,701925,162.05,525,162.5,975
2024-12-31 09:16:31,163.45,6000,701925,163.25,300,163.65,150
2024-12-31 09:16:33,162.75,6600,701925,162.65,1125,163.0,225
2024-12-31 09:16:35,163.2,5700,701925,162.55,375,163.0,1725
2024-12-31 09:16:36,162.85,8475,701925,162.4,150,162.85,375
2024-12-31 09:16:38,163.9,9150,701925,163.5,525,163.9,375
2024-12-31 09:16:40,164.95,8325,701925,164.55,75,164.95,150
2024-12-31 09:16:41,163.85,10650,701925,163.5,75,163.85,150
2024-12-31 09:16:43,163.5,7875,701925,163.15,150,163.55,75
2024-12-31 09:16:45,163.5,7800,701925,163.05,525,163.5,300
2024-12-31 09:16:46,163.05,9000,701925,162.9,375,163.2,225
2024-12-31 09:16:48,163.05,7050,701925,163.0,75,163.3,150
2024-12-31 09:16:50,163.8,4800,701925,163.65,150,164.0,225
2024-12-31 09:16:51,165.1,8925,701925,165.0,225,165.4,450
2024-12-31 09:16:53,167.4,16425,701925,166.9,225,167.35,300
2024-12-31 09:16:55,166.35,12075,701925,166.3,975,166.7,225
2024-12-31 09:16:56,167.2,10950,701925,166.75,150,167.2,150
2024-12-31 09:16:58,167.5,9150,701925,167.55,375,168.0,1275
2024-12-31 09:17:00,169.25,16875,701925,169.25,150,169.6,75
2024-12-31 09:17:01,167.55,12375,701925,167.7,300,167.95,75
2024-12-31 09:17:03,167.0,27075,701925,166.6,75,166.9,150
2024-12-31 09:17:05,165.7,9375,701925,165.7,450,166.05,150
2024-12-31 09:17:07,165.75,15900,701925,165.3,1050,165.8,600
2024-12-31 09:17:08,166.15,10125,701925,165.95,225,166.25,300
2024-12-31 09:17:10,166.3,9075,701925,166.2,825,166.65,300
2024-12-31 09:17:12,166.3,7725,701925,165.95,75,166.25,75
2024-12-31 09:17:13,166.3,8025,701925,166.0,1275,166.4,225
2024-12-31 09:17:15,165.7,9075,701925,165.7,75,166.0,225
2024-12-31 09:17:17,166.2,10125,701925,165.6,75,165.95,225
2024-12-31 09:17:18,166.2,6375,701925,165.65,975,165.95,675
2024-12-31 09:17:20,165.8,26325,701925,165.8,375,166.0,150
2024-12-31 09:17:22,165.6,6900,701925,165.15,150,165.6,600
2024-12-31 09:17:23,164.35,16875,701925,164.45,150,164.8,750
2024-12-31 09:17:25,164.25,9300,701925,164.25,150,164.5,75
2024-12-31 09:17:27,165.05,2850,701925,164.55,75,164.9,150
2024-12-31 09:17:28,164.8,6525,701925,164.35,150,164.8,750
2024-12-31 09:17:30,164.5,6975,701925,164.1,825,164.55,225
2024-12-31 09:17:32,164.05,6150,701925,164.05,375,164.45,75
2024-12-31 09:17:33,163.65,3675,701925,163.65,375,164.05,150
2024-12-31 09:17:35,163.7,2700,701925,163.7,750,164.05,300
2024-12-31 09:17:37,164.05,15525,701925,163.85,75,164.1,675
2024-12-31 09:17:38,163.6,3675,701925,163.6,150,163.95,75
2024-12-31 09:17:40,163.65,3750,701925,163.4,150,163.65,225
2024-12-31 09:17:41,163.6,2100,701925,163.65,75,164.0,675
2024-12-31 09:17:43,163.45,4125,701925,163.55,225,163.9,150
2024-12-31 09:17:45,163.9,6900,701925,163.95,225,164.35,750
2024-12-31 09:17:46,163.85,7425,701925,163.5,225,163.85,300
2024-12-31 09:17:48,163.35,6975,701925,163.0,5550,163.35,1125
2024-12-31 09:17:50,164.1,14025,701925,163.75,300,164.15,375
2024-12-31 09:17:51,164.45,10425,701925,164.1,75,164.45,225
2024-12-31 09:17:53,164.1,16800,701925,164.1,225,164.5,150
2024-12-31 09:17:55,163.6,13275,701925,163.5,750,163.8,375
2024-12-31 09:17:56,164.3,15375,701925,164.0,300,164.3,1275
2024-12-31 09:17:58,163.95,18975,701925,163.4,300,163.8,450
2024-12-31 09:18:00,163.7,10275,701925,163.6,375,164.0,675
2024-12-31 09:18:01,163.05,6900,701925,163.0,6075,163.3,75
2024-12-31 09:18:03,162.85,11625,701925,162.6,150,162.85,4800
2024-12-31 09:18:05,163.0,23100,701925,162.9,450,163.25,375
2024-12-31 09:18:06,163.65,13200,701925,163.4,75,163.75,600
2024-12-31 09:18:08,164.2,10350,701925,163.7,450,164.1,300
2024-12-31 09:18:10,163.4,7350,701925,163.05,375,163.4,75
2024-12-31 09:18:11,163.05,9450,701925,162.9,675,163.2,75
2024-12-31 09:18:13,163.7,15075,701925,163.15,300,163.55,450
2024-12-31 09:18:15,163.65,4650,701925,163.35,150,163.65,225
2024-12-31 09:18:16,163.4,7125,701925,163.3,300,163.5,75
2024-12-31 09:18:18,163.6,7575,701925,163.55,825,163.9,150
2024-12-31 09:18:20,163.8,9525,701925,164.0,150,164.2,375
2024-12-31 09:18:21,163.9,6375,1162725,163.6,450,163.9,450
2024-12-31 09:18:23,164.1,16725,1162725,163.8,375,164.1,375
2024-12-31 09:18:25,163.85,12150,1162725,163.6,225,163.85,1425
2024-12-31 09:18:26,163.65,7950,1162725,163.55,525,163.65,2325
2024-12-31 09:18:29,164.0,26775,1162725,163.95,150,164.4,1425
2024-12-31 09:18:31,164.5,7875,1162725,164.2,225,164.55,750
2024-12-31 09:18:32,164.85,5100,1162725,164.6,75,164.9,150
2024-12-31 09:18:34,166.0,4425,1162725,165.85,300,166.0,450
2024-12-31 09:18:36,166.0,9000,1162725,165.95,150,166.25,150
2024-12-31 09:18:37,165.85,12375,1162725,165.5,750,165.95,1725
2024-12-31 09:18:39,166.5,10350,1162725,166.1,900,166.5,375
2024-12-31 09:18:41,166.5,10500,1162725,166.15,225,166.55,375
2024-12-31 09:18:42,166.7,26625,1162725,166.25,225,166.5,75
2024-12-31 09:18:44,167.8,4350,1162725,167.4,525,167.75,150
2024-12-31 09:18:46,168.8,8025,1162725,168.8,225,169.15,450
2024-12-31 09:18:47,169.2,26475,1162725,169.35,300,169.75,300
2024-12-31 09:18:49,170.35,14625,1162725,170.05,525,170.4,300
2024-12-31 09:18:51,171.6,24225,1162725,171.3,225,171.65,300
2024-12-31 09:18:52,170.3,31575,1162725,169.9,225,170.3,900
2024-12-31 09:18:54,171.6,20925,1162725,171.4,1050,171.85,225
2024-12-31 09:18:56,169.9,16050,1162725,170.0,825,170.4,375
2024-12-31 09:18:57,170.95,32025,1162725,170.6,600,171.0,750
2024-12-31 09:18:59,170.35,8550,1162725,170.15,300,170.4,900
2024-12-31 09:19:01,170.8,36300,1162725,170.85,150,171.25,75
2024-12-31 09:19:02,170.6,12750,1162725,170.3,225,170.6,1125
2024-12-31 09:19:04,170.0,22650,1162725,169.8,450,170.1,75
2024-12-31 09:19:06,169.65,9525,1162725,169.5,375,169.8,675
2024-12-31 09:19:07,169.8,17550,1162725,169.8,750,170.2,2100
2024-12-31 09:19:09,169.3,5100,1162725,169.3,75,169.65,675
2024-12-31 09:19:11,169.8,9600,1162725,169.45,375,169.8,1425
2024-12-31 09:19:12,169.0,6000,1162725,169.0,1275,169.35,450
2024-12-31 09:19:14,168.55,15000,1162725,168.55,75,168.9,825
2024-12-31 09:19:16,169.55,4650,1162725,169.0,375,169.4,375
2024-12-31 09:19:18,168.2,4200,1162725,168.2,375,168.55,75
2024-12-31 09:19:19,168.3,5175,1162725,168.2,450,168.6,225
2024-12-31 09:19:21,168.8,7275,1162725,168.45,75,168.75,525
2024-12-31 09:19:23,168.35,5100,1162725,168.35,300,168.75,750
2024-12-31 09:19:24,167.65,7050,1162725,167.35,225,167.75,375
2024-12-31 09:19:26,167.25,3825,1162725,167.1,1350,167.4,450
2024-12-31 09:19:28,168.05,8925,1162725,168.0,975,168.45,675
2024-12-31 09:19:29,168.45,3675,1162725,168.4,975,168.75,75
2024-12-31 09:19:31,168.75,3300,1162725,168.25,150,168.65,825
2024-12-31 09:19:33,167.8,4350,1162725,167.4,750,167.8,450
2024-12-31 09:19:34,168.2,6900,1162725,168.0,225,168.2,75
2024-12-31 09:19:36,168.1,3450,1162725,167.5,300,167.9,750
2024-12-31 09:19:38,167.05,4200,1162725,167.05,150,167.45,300
2024-12-31 09:19:39,167.05,4650,1162725,167.0,975,167.3,150
2024-12-31 09:19:41,165.8,10050,1162725,165.3,150,165.65,75
2024-12-31 09:19:43,165.2,20250,1162725,165.0,225,165.25,150
2024-12-31 09:19:44,168.5,21000,1162725,168.85,300,169.25,225
2024-12-31 09:19:46,169.8,12525,1162725,169.85,75,170.15,675
2024-12-31 09:19:48,167.55,8400,1162725,167.15,375,167.55,1050
2024-12-31 09:19:49,167.05,7725,1162725,166.75,225,167.15,900
2024-12-31 09:19:51,167.7,2100,1162725,167.4,150,167.65,75
2024-12-31 09:19:53,168.35,6525,1162725,168.1,450,168.4,150
2024-12-31 09:19:54,166.8,3900,1162725,166.7,75,167.05,300
2024-12-31 09:19:56,166.9,3900,1162725,166.5,450,166.9,600
2024-12-31 09:19:58,165.0,18150,1162725,164.8,300,165.05,150
2024-12-31 09:19:59,163.9,8550,1162725,163.75,225,164.05,75
2024-12-31 09:20:01,161.4,24450,1162725,161.1,75,161.5,750
2024-12-31 09:20:03,160.85,19500,1162725,161.0,825,161.35,300
2024-12-31 09:20:04,160.45,52350,1162725,160.0,600,160.2,75
2024-12-31 09:20:06,159.55,12900,1162725,159.45,300,159.8,450
2024-12-31 09:20:08,157.4,36375,1162725,159.05,675,159.4,75
2024-12-31 09:20:09,160.05,19350,1162725,159.75,225,160.1,450
2024-12-31 09:20:11,160.4,15300,1162725,160.35,225,160.7,150
2024-12-31 09:20:13,161.0,12900,1162725,161.2,1875,161.6,75
2024-12-31 09:20:14,161.0,7650,1162725,160.65,150,161.0,1050
2024-12-31 09:20:16,159.6,9975,1162725,159.6,450,159.95,75
2024-12-31 09:20:18,161.05,9975,1162725,160.5,375,160.95,600
2024-12-31 09:20:19,160.65,4425,1162725,160.45,300,160.85,375
2024-12-31 09:20:21,160.75,5775,1162725,160.75,300,160.95,75
2024-12-31 09:20:23,163.2,16500,1162725,162.7,1200,163.1,825
2024-12-31 09:20:24,160.95,14475,1162725,160.6,75,160.95,975
2024-12-31 09:20:26,160.8,4125,1162725,160.55,150,160.9,525
2024-12-31 09:20:28,161.5,28200,1162725,161.15,600,161.5,300
2024-12-31 09:20:29,163.5,8925,1162725,163.45,150,163.8,450
2024-12-31 09:20:31,163.45,3525,1162725,163.3,75,163.75,1200
2024-12-31 09:20:32,161.8,14025,1162725,161.95,300,162.25,150
2024-12-31 09:20:34,161.8,11100,1162725,161.5,450,161.9,300
2024-12-31 09:20:36,161.95,5250,1162725,161.85,300,162.2,450
2024-12-31 09:20:37,162.25,6825,1162725,162.3,600,162.65,750
2024-12-31 09:20:39,162.95,3000,1162725,162.55,300,162.95,450
2024-12-31 09:20:41,163.2,6600,1162725,162.9,225,163.25,675
2024-12-31 09:20:42,163.65,8175,1162725,163.4,975,163.7,75
2024-12-31 09:20:44,163.3,5325,1162725,163.6,1050,163.95,150
2024-12-31 09:20:46,166.1,14550,1162725,165.9,225,166.1,75
2024-12-31 09:20:47,165.45,11850,1162725,165.25,75,165.65,600
2024-12-31 09:20:49,167.0,16575,1162725,166.7,225,167.0,75
2024-12-31 09:20:51,167.8,6675,1162725,167.45,150,167.85,150
2024-12-31 09:20:52,166.15,14100,1162725,165.8,75,166.2,450
2024-12-31 09:20:54,167.7,6300,1162725,167.25,525,167.7,750
2024-12-31 09:20:56,167.15,11250,1162725,167.2,525,167.6,525
2024-12-31 09:20:57,166.15,28500,1162725,165.55,150,165.95,375
2024-12-31 09:20:59,166.1,6900,1162725,165.8,75,166.15,375
2024-12-31 09:21:01,165.5,8550,1162725,165.0,7500,165.3,375
2024-12-31 09:21:02,163.0,57750,1162725,163.05,225,163.25,75
2024-12-31 09:21:04,162.2,10575,1162725,161.9,375,162.3,225
2024-12-31 09:21:06,162.0,6825,1162725,161.7,75,162.05,450
2024-12-31 09:21:07,161.95,16875,1162725,161.65,300,162.0,525
2024-12-31 09:21:09,161.55,7875,1162725,161.2,450,161.6,375
2024-12-31 09:21:11,160.35,8325,1162725,160.35,150,160.65,300
2024-12-31 09:21:12,162.1,6525,1162725,161.9,75,162.25,525
2024-12-31 09:21:14,161.4,5325,1162725,161.15,225,161.55,450
2024-12-31 09:21:16,161.2,6675,1162725,160.75,675,161.15,75
2024-12-31 09:21:17,160.85,4650,1162725,160.85,375,161.25,75
2024-12-31 09:21:19,161.0,6600,1162725,161.0,675,161.2,75
2024-12-31 09:21:21,160.5,25800,1162725,160.1,750,160.5,300
2024-12-31 09:21:22,159.95,8100,1574325,159.6,675,159.95,375
2024-12-31 09:21:24,159.05,12825,1574325,158.85,375,159.25,750
2024-12-31 09:21:26,159.95,7125,1574325,159.55,75,159.9,750
2024-12-31 09:21:28,160.5,6075,1574325,160.1,825,160.5,150
2024-12-31 09:21:29,160.35,3825,1574325,160.15,225,160.5,675
2024-12-31 09:21:31,161.0,7200,1574325,160.4,450,160.8,825
2024-12-31 09:21:33,159.85,3075,1574325,159.5,75,159.85,450
2024-12-31 09:21:34,160.25,10125,1574325,159.9,75,160.0,225
2024-12-31 09:21:36,160.0,15750,1574325,159.5,675,159.9,525
2024-12-31 09:21:38,158.45,7875,1574325,158.6,225,158.95,225
2024-12-31 09:21:39,159.5,9600,1574325,159.2,150,159.5,1875
2024-12-31 09:21:41,159.2,14475,1574325,159.15,975,159.5,75
2024-12-31 09:21:43,159.5,19200,1574325,158.9,150,159.15,1800
2024-12-31 09:21:44,158.0,17925,1574325,158.0,1875,158.3,675
2024-12-31 09:21:46,158.2,12750,1574325,158.15,375,158.55,675
2024-12-31 09:21:48,158.6,18900,1574325,158.25,150,158.6,300
2024-12-31 09:21:49,158.25,5175,1574325,157.75,525,158.15,525
2024-12-31 09:21:51,158.0,5100,1574325,158.0,150,158.25,3000
2024-12-31 09:21:53,158.0,10050,1574325,157.65,225,158.05,150
2024-12-31 09:21:54,156.25,22500,1574325,157.85,75,158.1,150
2024-12-31 09:21:56,157.5,6225,1574325,157.5,300,157.85,75
2024-12-31 09:21:58,157.7,3000,1574325,157.8,75,158.0,75
2024-12-31 09:21:59,155.4,14100,1574325,156.0,300,156.35,150
2024-12-31 09:22:01,154.25,32925,1574325,155.2,75,155.55,150
2024-12-31 09:22:03,156.0,23250,1574325,155.75,300,156.0,2550
2024-12-31 09:22:04,157.65,30375,1574325,157.25,225,157.7,1050
2024-12-31 09:22:06,157.55,9375,1574325,157.3,75,157.65,450
2024-12-31 09:22:08,157.55,9450,1574325,157.4,75,157.65,825
2024-12-31 09:22:09,157.1,9150,1574325,156.6,975,157.0,150
2024-12-31 09:22:11,157.4,7650,1574325,157.35,750,157.75,825
2024-12-31 09:22:13,157.25,6750,1574325,156.95,300,157.4,1350
2024-12-31 09:22:14,157.0,13500,1574325,156.65,150,157.05,300
2024-12-31 09:22:16,158.05,6375,1574325,157.95,150,158.35,375
2024-12-31 09:22:18,157.0,6075,1574325,157.0,225,157.3,1575
2024-12-31 09:22:19,157.8,11025,1574325,157.4,525,157.7,75
2024-12-31 09:22:21,158.7,7350,1574325,158.75,150,158.95,150
2024-12-31 09:22:23,158.8,6525,1574325,158.5,1275,158.95,300
2024-12-31 09:22:24,158.85,6150,1574325,158.8,825,159.15,75
2024-12-31 09:22:26,158.6,3225,1574325,158.1,375,158.45,75
2024-12-31 09:22:28,158.65,8625,1574325,158.35,225,158.6,75
2024-12-31 09:22:29,157.35,14775,1574325,157.05,75,157.35,300
2024-12-31 09:22:31,155.7,12675,1574325,155.65,150,155.95,75
2024-12-31 09:22:33,155.7,6450,1574325,155.4,225,155.7,975
2024-12-31 09:22:34,156.15,15075,1574325,156.2,750,156.5,525
2024-12-31 09:22:36,154.9,22875,1574325,154.65,150,155.0,2100
2024-12-31 09:22:38,152.5,20775,1574325,153.6,75,153.8,300
2024-12-31 09:22:39,154.2,9825,1574325,153.8,375,154.3,1350
2024-12-31 09:22:41,153.65,11775,1574325,153.15,300,153.55,225
2024-12-31 09:22:43,152.35,6600,1574325,152.65,225,153.0,825
2024-12-31 09:22:44,152.3,14550,1574325,152.8,300,153.15,225
2024-12-31 09:22:46,153.7,12300,1574325,153.35,375,153.7,225
2024-12-31 09:22:48,153.35,9750,1574325,153.0,525,153.4,1800
2024-12-31 09:22:49,153.2,21075,1574325,152.75,300,153.05,225
2024-12-31 09:22:51,153.3,10050,1574325,152.95,300,153.35,900
2024-12-31 09:22:53,152.75,8925,1574325,152.3,225,152.7,1275
2024-12-31 09:22:54,153.0,7425,1574325,152.85,675,153.0,75
2024-12-31 09:22:56,153.5,8625,1574325,153.35,75,153.55,75
2024-12-31 09:22:58,154.05,9375,1574325,153.7,225,154.1,900
2024-12-31 09:22:59,153.7,12525,1574325,153.65,225,153.95,225
2024-12-31 09:23:01,151.65,22725,1574325,151.6,75,151.9,75
2024-12-31 09:23:03,151.6,12000,1574325,152.95,225,153.3,300
2024-12-31 09:23:04,154.15,5850,1574325,153.85,300,154.2,600
2024-12-31 09:23:06,152.85,8100,1574325,152.45,300,152.85,150
2024-12-31 09:23:08,152.85,10725,1574325,152.35,150,152.7,525
2024-12-31 09:23:09,151.8,6075,1574325,151.75,300,152.1,225
2024-12-31 09:23:11,151.5,7875,1574325,151.7,150,151.95,375
2024-12-31 09:23:13,152.35,10125,1574325,152.35,75,152.7,225
2024-12-31 09:23:14,152.6,10050,1574325,153.05,75,153.35,150
2024-12-31 09:23:16,154.35,7500,1574325,154.2,300,154.55,1050
2024-12-31 09:23:17,154.85,4950,1574325,154.05,300,154.4,150
2024-12-31 09:23:19,154.4,15375,1574325,154.15,375,154.4,150
2024-12-31 09:23:21,154.05,4725,1574325,153.7,375,154.05,675
2024-12-31 09:23:22,154.2,11100,1574325,154.3,300,154.65,300
2024-12-31 09:23:24,154.05,6975,1574325,154.0,450,154.05,675
2024-12-31 09:23:26,154.4,32250,1574325,154.1,825,154.5,675
2024-12-31 09:23:27,153.8,8325,1574325,153.45,300,153.8,375
2024-12-31 09:23:29,153.7,8700,1574325,153.6,75,153.7,600
2024-12-31 09:23:31,153.7,4350,1574325,153.3,675,153.6,75
2024-12-31 09:23:32,155.4,17475,1574325,155.05,225,155.4,1050
2024-12-31 09:23:34,155.5,6450,1574325,155.1,75,155.4,1725
2024-12-31 09:23:36,157.2,12675,1574325,156.9,225,157.25,300
2024-12-31 09:23:37,157.5,10125,1574325,157.25,375,157.5,675
2024-12-31 09:23:39,157.2,9075,1574325,157.0,150,157.35,450
2024-12-31 09:23:41,158.5,14625,1574325,158.2,300,158.55,150
2024-12-31 09:23:43,158.4,13950,1574325,158.1,750,158.5,225
2024-12-31 09:23:44,158.6,10275,1574325,158.25,300,158.6,75
2024-12-31 09:23:46,159.1,15750,1574325,158.65,150,159.0,375
2024-12-31 09:23:48,159.5,11775,1574325,159.15,75,159.5,75
2024-12-31 09:23:49,159.1,12900,1574325,159.1,375,159.45,1050
2024-12-31 09:23:51,159.05,22200,1574325,158.65,75,159.0,375
2024-12-31 09:23:53,158.25,7725,1574325,157.85,300,158.25,450
2024-12-31 09:23:54,158.55,12600,1574325,158.55,150,158.8,75
2024-12-31 09:23:56,159.1,6750,1574325,159.0,75,159.35,450
2024-12-31 09:23:58,159.5,5775,1574325,159.1,675,159.55,600
2024-12-31 09:23:59,159.6,6150,1574325,159.25,600,159.6,150
2024-12-31 09:24:01,161.25,21075,1574325,160.85,75,161.2,75
2024-12-31 09:24:03,159.75,19875,1574325,159.45,375,159.85,150
2024-12-31 09:24:04,160.1,22125,1574325,159.9,75,160.15,150
2024-12-31 09:24:06,160.85,14400,1574325,160.5,75,160.85,300
2024-12-31 09:24:08,160.35,11625,1574325,160.3,525,160.7,150
2024-12-31 09:24:09,160.2,15450,1574325,160.1,375,160.5,150
2024-12-31 09:24:11,159.75,13275,1574325,159.75,225,160.05,525
2024-12-31 09:24:13,160.6,7050,1574325,160.6,300,160.95,150
2024-12-31 09:24:14,161.5,10650,1574325,161.1,75,161.45,150
2024-12-31 09:24:16,160.6,23625,1574325,160.2,675,160.65,450
2024-12-31 09:24:18,160.9,7350,1574325,160.65,75,160.95,300
2024-12-31 09:24:19,160.9,7575,1574325,160.45,525,160.9,525
2024-12-31 09:24:21,158.6,24450,1574325,158.2,375,158.55,375
2024-12-31 09:24:23,158.85,9675,1921425,158.6,525,159.0,525
2024-12-31 09:24:24,159.55,3825,1921425,159.55,75,159.9,2550
2024-12-31 09:24:26,160.1,7425,1921425,159.85,225,160.2,150
2024-12-31 09:24:28,159.55,4650,1921425,159.2,375,159.55,75
2024-12-31 09:24:29,158.85,9375,1921425,158.75,450,159.15,675
2024-12-31 09:24:31,158.9,6150,1921425,158.6,1125,159.0,150
2024-12-31 09:24:33,158.2,7500,1921425,158.05,75,158.3,525
2024-12-31 09:24:34,159.0,11850,1921425,159.05,75,159.35,75
2024-12-31 09:24:36,159.3,3000,1921425,158.95,225,159.3,150
2024-12-31 09:24:38,159.6,3750,1921425,159.4,75,159.6,75
2024-12-31 09:24:39,158.65,1875,1921425,158.8,75,159.1,225
2024-12-31 09:24:41,156.75,12825,1921425,156.5,150,156.8,450
2024-12-31 09:24:43,156.5,6450,1921425,156.85,225,157.2,75
2024-12-31 09:24:44,157.5,4800,1921425,157.2,75,157.45,750
2024-12-31 09:24:46,158.05,1725,1921425,157.8,225,158.1,375
2024-12-31 09:24:48,157.35,4725,1921425,157.35,375,157.75,300
2024-12-31 09:24:49,158.1,4125,1921425,157.95,300,158.3,75
2024-12-31 09:24:51,157.55,7500,1921425,157.25,150,157.6,300
2024-12-31 09:24:53,157.2,4200,1921425,157.15,300,157.5,150
2024-12-31 09:24:54,159.3,4950,1921425,159.0,225,159.35,150
2024-12-31 09:24:56,159.45,2025,1921425,159.15,300,159.5,375
2024-12-31 09:24:58,159.6,5325,1921425,159.3,1050,159.6,75
2024-12-31 09:24:59,159.9,5250,1921425,159.55,225,159.95,225
2024-12-31 09:25:01,159.25,6450,1921425,159.2,75,159.45,150
2024-12-31 09:25:03,157.0,14925,1921425,156.95,1500,157.15,450
2024-12-31 09:25:04,155.6,19875,1921425,155.25,75,155.6,1350
2024-12-31 09:25:06,154.8,18600,1921425,154.5,75,154.8,225
2024-12-31 09:25:08,155.8,10200,1921425,155.3,75,155.45,75
2024-12-31 09:25:09,155.8,4425,1921425,155.45,75,155.75,450
2024-12-31 09:25:11,155.9,2550,1921425,155.8,75,155.9,225
2024-12-31 09:25:13,156.2,7800,1921425,155.85,300,156.2,975
2024-12-31 09:25:14,156.1,7125,1921425,155.75,225,156.15,675
2024-12-31 09:25:16,156.5,4350,1921425,156.3,1425,156.7,1200
2024-12-31 09:25:18,157.65,4650,1921425,157.3,300,157.7,975
2024-12-31 09:25:19,158.35,9300,1921425,158.0,1275,158.4,450
2024-12-31 09:25:21,158.4,3300,1921425,158.05,225,158.4,225
2024-12-31 09:25:23,158.8,6150,1921425,158.25,375,158.6,225
2024-12-31 09:25:24,160.6,10350,1921425,160.75,225,161.0,1725
2024-12-31 09:25:26,161.6,22200,1921425,161.65,75,162.0,1950
2024-12-31 09:25:28,161.65,27225,1921425,161.25,150,161.55,225
2024-12-31 09:25:29,161.25,12750,1921425,161.25,150,161.6,150
2024-12-31 09:25:31,160.7,11250,1921425,160.25,225,160.65,525
2024-12-31 09:25:33,160.1,10425,1921425,160.25,750,160.7,375
2024-12-31 09:25:34,159.05,15525,1921425,159.0,675,159.4,150
2024-12-31 09:25:36,158.35,6000,1921425,158.45,75,158.8,225
2024-12-31 09:25:38,157.35,8100,1921425,157.0,1725,157.4,1050
2024-12-31 09:25:39,157.4,3300,1921425,157.4,225,157.8,1200
2024-12-31 09:25:41,156.2,9300,1921425,156.1,75,156.5,525
2024-12-31 09:25:43,156.4,6975,1921425,156.5,375,156.8,150
2024-12-31 09:25:44,154.4,20325,1921425,154.05,225,154.4,225
2024-12-31 09:25:46,154.65,17625,1921425,154.35,750,154.7,75
2024-12-31 09:25:48,154.3,12900,1921425,154.15,225,154.5,300
2024-12-31 09:25:49,152.55,15075,1921425,152.25,150,152.6,375
2024-12-31 09:25:51,152.45,28950,1921425,152.2,225,152.45,1425
2024-12-31 09:25:53,153.2,19350,1921425,152.8,300,153.15,375
2024-12-31 09:25:54,152.4,11850,1921425,152.2,75,152.5,600
2024-12-31 09:25:56,153.5,11775,1921425,153.1,150,153.5,525
2024-12-31 09:25:58,153.75,8775,1921425,153.4,900,153.75,150
2024-12-31 09:26:00,152.85,7500,1921425,152.6,1650,152.9,600
2024-12-31 09:26:01,150.3,30900,1921425,151.1,150,151.4,75
2024-12-31 09:26:03,149.15,56325,1921425,150.8,975,151.2,300
2024-12-31 09:26:05,151.35,25275,1921425,151.1,450,151.35,3675
2024-12-31 09:26:06,150.8,14550,1921425,150.8,225,151.05,225
2024-12-31 09:26:08,151.0,15975,1921425,150.65,300,151.0,525
2024-12-31 09:26:10,151.05,13800,1921425,150.65,300,151.0,825
2024-12-31 09:26:11,151.9,16875,1921425,151.9,750,152.35,150
2024-12-31 09:26:13,150.8,17400,1921425,151.15,375,151.5,975
2024-12-31 09:26:15,151.4,14475,1921425,151.0,150,151.25,225
2024-12-31 09:26:16,151.6,8550,1921425,151.25,75,151.6,675
2024-12-31 09:26:18,150.9,11850,1921425,150.9,75,151.2,2250
2024-12-31 09:26:20,150.85,13800,1921425,150.6,150,150.85,3300
2024-12-31 09:26:21,150.95,10875,1921425,150.55,225,150.9,150
2024-12-31 09:26:23,151.25,9900,1921425,150.85,150,151.2,225
2024-12-31 09:26:25,151.5,11250,1921425,151.2,300,151.5,225
2024-12-31 09:26:26,151.85,8475,1921425,151.5,150,151.8,225
2024-12-31 09:26:28,151.85,12975,1921425,151.9,150,152.0,150
2024-12-31 09:26:30,151.6,5850,1921425,151.55,75,151.85,900
2024-12-31 09:26:31,151.15,10725,1921425,151.5,975,151.85,300
2024-12-31 09:26:33,151.9,9825,1921425,152.05,450,152.45,75
2024-12-31 09:26:35,152.4,15975,1921425,152.4,75,152.75,75
2024-12-31 09:26:36,153.35,5175,1921425,153.05,75,153.4,150
2024-12-31 09:26:38,153.4,19650,1921425,153.4,150,153.7,75
2024-12-31 09:26:40,152.0,9900,1921425,151.8,75,152.1,600
2024-12-31 09:26:41,153.15,12750,1921425,152.9,300,153.25,300
2024-12-31 09:26:43,155.0,14175,1921425,154.5,450,154.85,225
2024-12-31 09:26:45,156.95,29625,1921425,156.85,75,157.0,900
2024-12-31 09:26:46,156.75,19350,1921425,156.3,600,156.65,150
2024-12-31 09:26:48,158.5,17175,1921425,158.1,450,158.45,225
2024-12-31 09:26:50,159.45,37125,1921425,159.5,450,159.9,225
2024-12-31 09:26:51,159.6,32775,1921425,159.6,300,160.0,300
2024-12-31 09:26:53,161.45,28575,1921425,161.05,75,161.4,75
2024-12-31 09:26:55,161.45,30750,1921425,160.95,375,161.4,600
2024-12-31 09:26:56,160.1,31350,1921425,159.75,375,160.15,225
2024-12-31 09:26:58,161.0,21750,1921425,160.55,75,160.9,375
2024-12-31 09:27:00,161.5,29175,1921425,161.25,75,161.55,75
2024-12-31 09:27:01,160.05,24375,1921425,159.85,1350,160.0,150
2024-12-31 09:27:03,160.25,18075,1921425,159.85,450,160.25,450
2024-12-31 09:27:05,160.2,23400,1921425,159.9,600,160.25,150
2024-12-31 09:27:06,160.0,16575,1921425,159.7,525,160.0,150
2024-12-31 09:27:08,160.6,9375,1921425,160.2,375,160.6,450
2024-12-31 09:27:10,159.5,13275,1921425,159.1,375,159.45,450
2024-12-31 09:27:11,160.3,10575,1921425,160.0,300,160.3,975
2024-12-31 09:27:13,162.0,18600,1921425,162.0,75,162.25,1050
2024-12-31 09:27:15,161.6,22950,1921425,161.6,150,162.0,525
2024-12-31 09:27:16,161.6,14175,1921425,161.2,225,161.65,525
2024-12-31 09:27:18,162.2,28575,1921425,161.95,150,162.3,75
2024-12-31 09:27:20,161.6,14025,1921425,161.0,975,161.4,75
2024-12-31 09:27:21,160.2,20925,1921425,160.2,150,160.55,150
2024-12-31 09:27:23,160.6,12225,2263650,160.45,375,160.9,750
2024-12-31 09:27:25,160.15,18375,2263650,159.75,1500,160.1,600
2024-12-31 09:27:26,160.6,5850,2263650,160.35,150,160.7,300
2024-12-31 09:27:28,160.5,4875,2263650,160.0,1200,160.4,225
2024-12-31 09:27:30,159.7,17925,2263650,159.3,300,159.7,750
2024-12-31 09:27:31,157.45,11100,2263650,157.5,825,157.95,150
2024-12-31 09:27:33,157.2,12150,2263650,156.85,225,157.25,300
2024-12-31 09:27:35,156.45,15675,2263650,156.55,150,156.9,75
2024-12-31 09:27:36,156.3,5925,2263650,156.3,975,156.7,675
2024-12-31 09:27:38,156.4,10050,2263650,156.2,375,156.6,300
2024-12-31 09:27:40,157.15,9900,2263650,157.0,75,157.2,225
2024-12-31 09:27:41,159.1,6300,2263650,158.8,375,159.15,75
2024-12-31 09:27:43,159.5,6750,2263650,158.95,225,159.35,450
2024-12-31 09:27:45,159.15,5025,2263650,158.8,600,159.25,675
2024-12-31 09:27:46,158.85,2475,2263650,158.85,825,159.0,75
2024-12-31 09:27:48,159.5,4425,2263650,159.15,600,159.55,225
2024-12-31 09:27:50,160.3,6750,2263650,159.95,75,160.3,150
2024-12-31 09:27:51,160.25,4875,2263650,160.25,150,160.55,75
2024-12-31 09:27:53,161.05,7500,2263650,160.75,300,161.15,300
2024-12-31 09:27:55,163.35,26025,2263650,162.95,75,163.3,450
2024-12-31 09:27:56,161.55,29925,2263650,161.45,75,161.85,600
2024-12-31 09:27:58,161.25,14025,2263650,160.9,225,161.3,1050
2024-12-31 09:28:00,160.95,9600,2263650,160.6,450,161.0,525
2024-12-31 09:28:01,160.7,9900,2263650,160.35,1050,160.6,150
2024-12-31 09:28:03,160.5,8475,2263650,160.45,150,160.85,450
2024-12-31 09:28:05,160.4,8625,2263650,160.35,225,160.75,600
2024-12-31 09:28:06,160.4,10350,2263650,160.25,225,160.7,975
2024-12-31 09:28:08,161.75,6825,2263650,161.3,225,161.6,300
2024-12-31 09:28:10,161.0,8325,2263650,160.65,900,161.0,150
2024-12-31 09:28:11,160.0,8925,2263650,160.0,2400,160.3,675
2024-12-31 09:28:13,161.15,4500,2263650,161.2,150,161.5,375
2024-12-31 09:28:15,162.7,5700,2263650,162.25,300,162.6,450
2024-12-31 09:28:16,162.2,9600,2263650,162.2,1125,162.25,75
2024-12-31 09:28:18,162.7,12600,2263650,162.25,450,162.6,600
2024-12-31 09:28:20,163.05,9075,2263650,162.85,450,163.2,450
2024-12-31 09:28:21,162.7,10575,2263650,162.3,300,162.65,225
2024-12-31 09:28:23,161.85,27300,2263650,161.45,225,161.85,375
2024-12-31 09:28:25,162.9,9750,2263650,162.65,75,162.9,525
2024-12-31 09:28:26,162.65,10275,2263650,162.3,450,162.7,150
2024-12-31 09:28:28,161.55,12900,2263650,161.2,225,161.6,450
2024-12-31 09:28:30,161.45,12300,2263650,161.4,1125,161.75,225
2024-12-31 09:28:31,162.15,4650,2263650,161.45,75,161.8,975
2024-12-31 09:28:33,161.6,5100,2263650,161.5,75,161.85,450
2024-12-31 09:28:35,162.3,5250,2263650,161.85,225,162.25,225
2024-12-31 09:28:36,162.0,5775,2263650,161.65,75,162.0,225
2024-12-31 09:28:38,162.0,6825,2263650,161.8,375,162.2,300
2024-12-31 09:28:40,161.7,6525,2263650,161.5,150,161.85,75
2024-12-31 09:28:41,162.35,5175,2263650,161.75,75,162.1,150
2024-12-31 09:28:43,160.6,13800,2263650,160.3,600,160.65,150
2024-12-31 09:28:45,160.3,16200,2263650,160.35,525,160.7,150
2024-12-31 09:28:46,159.25,5175,2263650,159.15,1650,159.5,150
2024-12-31 09:28:48,158.45,19125,2263650,158.1,675,158.5,300
2024-12-31 09:28:50,156.3,26100,2263650,156.3,450,156.65,300
2024-12-31 09:28:51,155.6,20475,2263650,155.2,225,155.6,600
2024-12-31 09:28:53,156.45,16425,2263650,156.2,1275,156.6,825
2024-12-31 09:28:55,155.75,9975,2263650,155.75,225,156.1,450
2024-12-31 09:28:56,155.55,2925,2263650,155.35,150,155.75,300
2024-12-31 09:28:58,155.35,8625,2263650,155.2,375,155.6,975
2024-12-31 09:29:00,155.0,16125,2263650,154.5,75,154.75,75
2024-12-31 09:29:01,153.0,23250,2263650,152.5,1350,152.85,600
2024-12-31 09:29:03,154.3,20400,2263650,153.9,600,154.3,75
2024-12-31 09:29:05,152.8,11250,2263650,152.85,525,153.2,300
2024-12-31 09:29:06,153.15,11025,2263650,152.9,150,153.25,225
2024-12-31 09:29:08,153.45,6150,2263650,153.45,225,153.8,150
2024-12-31 09:29:10,154.85,20550,2263650,154.65,150,154.9,75
2024-12-31 09:29:11,155.95,16050,2263650,155.95,225,156.15,1500
2024-12-31 09:29:13,156.85,10050,2263650,156.45,150,156.85,75
2024-12-31 09:29:15,157.45,8475,2263650,157.5,375,157.85,450
2024-12-31 09:29:16,158.6,11550,2263650,158.2,600,158.65,450
2024-12-31 09:29:18,157.35,7050,2263650,157.1,150,157.35,150
2024-12-31 09:29:20,156.6,13425,2263650,156.2,75,156.55,300
2024-12-31 09:29:21,156.75,3375,2263650,156.55,300,156.9,150
2024-12-31 09:29:23,157.7,3675,2263650,157.3,300,157.7,150
2024-12-31 09:29:25,157.95,5175,2263650,158.15,150,158.55,525
2024-12-31 09:29:26,158.5,6825,2263650,158.15,225,158.5,300
2024-12-31 09:29:28,159.0,2475,2263650,158.7,150,159.0,675
2024-12-31 09:29:30,157.85,10050,2263650,157.65,75,158.0,300
2024-12-31 09:29:31,158.65,4275,2263650,158.65,225,159.05,300
2024-12-31 09:29:33,158.25,7575,2263650,157.75,225,158.1,150
2024-12-31 09:29:35,158.4,1650,2263650,158.25,150,158.6,150
2024-12-31 09:29:36,157.75,2625,2263650,157.45,75,157.8,675
2024-12-31 09:29:38,158.55,6300,2263650,158.05,600,158.45,225
2024-12-31 09:29:40,158.1,4050,2263650,157.75,150,158.1,1275
2024-12-31 09:29:41,157.3,4875,2263650,157.0,1500,157.3,375
2024-12-31 09:29:43,156.75,5475,2263650,156.6,525,156.95,900
2024-12-31 09:29:45,157.9,1950,2263650,157.65,150,157.9,600
2024-12-31 09:29:46,157.45,2625,2263650,157.15,75,157.5,450
2024-12-31 09:29:48,158.3,5475,2263650,157.9,150,158.3,450
2024-12-31 09:29:50,158.2,5025,2263650,157.8,675,158.2,450
2024-12-31 09:29:51,156.9,6975,2263650,156.75,1725,157.0,375
2024-12-31 09:29:53,155.55,8550,2263650,155.55,225,156.0,2475
2024-12-31 09:29:55,156.55,3375,2263650,156.6,300,157.0,1050
2024-12-31 09:29:56,156.2,2250,2263650,156.2,150,156.55,1800
2024-12-31 09:29:58,157.3,3300,2263650,156.95,225,157.3,450
2024-12-31 09:30:00,155.7,3600,2263650,155.85,375,156.2,300
2024-12-31 09:30:01,156.3,8925,2263650,156.0,375,156.3,975
2024-12-31 09:30:03,156.45,5100,2263650,156.85,450,157.25,375
2024-12-31 09:30:05,156.8,10575,2263650,156.75,75,156.9,150
2024-12-31 09:30:06,157.45,3975,2263650,157.5,225,157.7,375
2024-12-31 09:30:08,159.05,9525,2263650,159.15,225,159.5,1275
2024-12-31 09:30:10,162.35,30225,2263650,161.7,975,162.15,225
2024-12-31 09:30:11,163.0,21075,2263650,162.75,150,163.0,1275
2024-12-31 09:30:13,161.45,22200,2263650,161.45,75,161.8,825
2024-12-31 09:30:15,161.8,11475,2263650,161.45,375,161.8,75
2024-12-31 09:30:17,161.4,12675,2263650,160.9,900,161.3,150
2024-12-31 09:30:18,160.55,21450,2263650,160.2,525,160.6,75
2024-12-31 09:30:20,159.2,10650,2263650,158.7,450,159.1,300
2024-12-31 09:30:22,157.1,14700,2263650,157.0,825,157.25,225
2024-12-31 09:30:23,157.15,5775,2263650,157.1,600,157.5,525
2024-12-31 09:30:25,157.05,6600,2444400,156.75,300,157.0,75
2024-12-31 09:30:27,157.4,5175,2444400,157.55,75,157.9,150
2024-12-31 09:30:28,158.6,6225,2444400,158.05,450,158.4,150
2024-12-31 09:30:30,158.9,5700,2444400,158.85,75,159.25,750
2024-12-31 09:30:32,159.8,6975,2444400,159.4,600,159.8,300
2024-12-31 09:30:33,160.55,8175,2444400,160.2,600,160.6,225
2024-12-31 09:30:35,162.5,14175,2444400,162.5,975,162.9,375
2024-12-31 09:30:37,163.7,21375,2444400,163.25,450,163.6,75
2024-12-31 09:30:38,162.6,16500,2444400,162.65,375,162.9,1050
2024-12-31 09:30:40,164.1,27900,2444400,163.75,150,164.2,300
2024-12-31 09:30:42,164.95,63150,2444400,165.35,450,165.75,450
2024-12-31 09:30:43,164.55,25275,2444400,164.25,825,164.55,975
2024-12-31 09:30:45,164.2,23625,2444400,164.2,975,164.6,75
2024-12-31 09:30:47,164.9,16350,2444400,164.8,225,165.0,3450
2024-12-31 09:30:48,165.65,17850,2444400,165.25,450,165.65,225
2024-12-31 09:30:50,164.2,27825,2444400,164.15,300,164.55,150
2024-12-31 09:30:52,165.25,21975,2444400,164.85,150,165.25,375
2024-12-31 09:30:53,164.5,20550,2444400,164.15,375,164.5,750
2024-12-31 09:30:55,164.4,15075,2444400,163.9,600,164.35,150
2024-12-31 09:30:57,163.85,7725,2444400,163.95,600,164.35,525
2024-12-31 09:30:58,162.6,14925,2444400,162.45,75,162.85,300
2024-12-31 09:31:00,162.3,10875,2444400,162.2,75,162.5,1500
2024-12-31 09:31:02,159.85,29625,2444400,159.65,150,160.05,375
2024-12-31 09:31:03,159.95,10500,2444400,159.85,75,160.2,900
2024-12-31 09:31:05,159.25,11775,2444400,159.1,225,159.5,975
2024-12-31 09:31:07,160.65,4500,2444400,160.35,375,160.7,300
2024-12-31 09:31:08,159.4,7275,2444400,158.8,150,159.15,75
2024-12-31 09:31:10,157.2,17100,2444400,157.15,225,157.55,675
2024-12-31 09:31:12,157.5,13725,2444400,157.45,150,157.75,75
2024-12-31 09:31:13,156.95,13275,2444400,156.65,150,157.0,3450
2024-12-31 09:31:15,157.75,14100,2444400,157.65,450,158.05,300
2024-12-31 09:31:17,158.3,8625,2444400,157.9,525,158.3,300
2024-12-31 09:31:18,158.4,7500,2444400,158.25,225,158.6,150
2024-12-31 09:31:20,157.45,6825,2444400,157.35,75,157.4,75
2024-12-31 09:31:22,156.2,6150,2444400,156.2,75,156.5,675
2024-12-31 09:31:23,157.65,12900,2444400,157.65,225,157.95,75
2024-12-31 09:31:25,157.25,7200,2444400,157.15,75,157.4,375
2024-12-31 09:31:27,157.15,6300,2444400,156.95,150,157.15,75
2024-12-31 09:31:28,157.15,5325,2444400,156.9,600,157.15,1350
2024-12-31 09:31:30,157.1,8550,2444400,157.0,525,157.4,75
2024-12-31 09:31:32,158.3,8775,2444400,158.25,150,158.65,375
2024-12-31 09:31:33,158.9,7425,2444400,158.9,75,159.25,75
2024-12-31 09:31:35,159.65,7425,2444400,159.4,75,159.55,1800
2024-12-31 09:31:37,160.05,12825,2444400,159.45,375,159.85,375
2024-12-31 09:31:38,158.55,11925,2444400,158.25,300,158.7,750
2024-12-31 09:31:40,158.85,5025,2444400,158.55,75,158.85,225
2024-12-31 09:31:42,158.95,5700,2444400,158.7,75,158.85,450
2024-12-31 09:31:43,160.35,8550,2444400,160.5,75,160.75,225
2024-12-31 09:31:45,159.1,8400,2444400,158.75,75,159.1,225
2024-12-31 09:31:47,157.55,6450,2444400,157.2,450,157.6,825
2024-12-31 09:31:48,157.9,4950,2444400,157.55,150,157.9,225
2024-12-31 09:31:50,157.75,4050,2444400,157.6,75,157.95,150
2024-12-31 09:31:52,156.65,10200,2444400,156.45,225,156.7,150
2024-12-31 09:31:53,156.3,3075,2444400,156.25,75,156.65,300
2024-12-31 09:31:55,156.9,7650,2444400,156.45,450,156.9,825
2024-12-31 09:31:57,156.65,6150,2444400,156.45,225,156.8,75
2024-12-31 09:31:58,156.45,2775,2444400,156.3,225,156.7,600
2024-12-31 09:32:00,154.65,40050,2444400,154.55,225,154.9,1425
2024-12-31 09:32:02,155.3,7950,2444400,155.4,675,155.75,75
2024-12-31 09:32:03,155.85,11175,2444400,155.8,150,156.15,300
2024-12-31 09:32:05,154.4,4875,2444400,154.4,150,154.7,75
2024-12-31 09:32:07,155.8,5175,2444400,155.75,75,155.85,150
2024-12-31 09:32:08,155.65,3300,2444400,155.8,75,156.05,600
2024-12-31 09:32:10,157.55,10875,2444400,157.5,75,157.65,375
2024-12-31 09:32:12,157.35,2625,2444400,157.05,150,157.4,450
2024-12-31 09:32:13,158.35,7200,2444400,158.3,75,158.5,450
2024-12-31 09:32:15,158.2,2025,2444400,158.0,150,158.2,75
2024-12-31 09:32:17,159.85,6450,2444400,159.5,300,159.85,75
2024-12-31 09:32:18,157.4,3975,2444400,157.2,75,157.45,150
2024-12-31 09:32:20,156.15,6825,2444400,156.0,375,156.3,75
2024-12-31 09:32:22,158.0,2700,2444400,157.4,75,157.75,375
2024-12-31 09:32:23,159.0,3975,2444400,158.4,75,158.7,825
2024-12-31 09:32:25,159.2,5175,2444400,159.15,375,159.25,75
2024-12-31 09:32:27,158.95,4275,2444400,159.05,1050,159.5,2175
2024-12-31 09:32:28,159.5,4425,2444400,159.2,75,159.5,150
2024-12-31 09:32:30,157.7,4200,2444400,157.65,375,158.05,75
2024-12-31 09:32:32,157.9,3525,2444400,157.6,225,157.95,300
2024-12-31 09:32:33,159.15,12525,2444400,159.15,150,159.45,75
2024-12-31 09:32:35,160.3,15825,2444400,160.3,825,160.7,75
2024-12-31 09:32:37,162.65,16275,2444400,162.3,150,162.55,150
2024-12-31 09:32:38,161.2,9225,2444400,160.8,600,161.2,150
2024-12-31 09:32:40,161.4,8325,2444400,161.35,75,161.7,525
2024-12-31 09:32:42,162.15,4200,2444400,162.15,150,162.5,300
2024-12-31 09:32:43,163.45,17025,2444400,163.15,150,163.6,675
2024-12-31 09:32:45,163.0,9900,2444400,162.4,75,162.75,150
2024-12-31 09:32:47,162.15,12825,2444400,162.05,150,162.45,225
2024-12-31 09:32:48,160.15,11175,2444400,160.1,300,160.45,75
2024-12-31 09:32:50,160.8,4950,2444400,160.5,75,160.75,150
2024-12-31 09:32:52,160.45,5100,2444400,160.0,1050,160.4,150
2024-12-31 09:32:53,158.65,8250,2444400,158.2,150,158.55,375
2024-12-31 09:32:55,160.0,3300,2444400,159.95,75,160.3,450
2024-12-31 09:32:57,160.65,4275,2444400,160.25,450,160.65,150
2024-12-31 09:32:58,161.45,3300,2444400,161.6,600,162.0,675
2024-12-31 09:33:00,161.1,4425,2444400,160.75,375,161.1,225
2024-12-31 09:33:02,162.9,6525,2444400,162.7,375,162.9,150
2024-12-31 09:33:03,163.8,26550,2444400,163.8,600,164.15,300
2024-12-31 09:33:05,163.3,12825,2444400,163.1,525,163.45,150
2024-12-31 09:33:07,163.65,11925,2444400,163.35,300,163.7,150
2024-12-31 09:33:08,160.9,23775,2444400,160.5,900,160.9,75
2024-12-31 09:33:10,163.15,9300,2444400,162.8,75,163.2,1050
2024-12-31 09:33:12,161.55,5025,2444400,161.55,75,161.7,150
2024-12-31 09:33:13,163.0,7650,2444400,162.75,525,163.15,225
2024-12-31 09:33:15,162.35,4650,2444400,162.3,450,162.65,300
2024-12-31 09:33:17,162.15,10800,2444400,162.1,75,162.4,225
2024-12-31 09:33:18,161.5,6525,2444400,161.55,675,161.9,375
2024-12-31 09:33:20,162.3,3675,2444400,162.35,75,162.7,375
2024-12-31 09:33:22,163.8,2550,2444400,163.55,150,163.9,375
2024-12-31 09:33:23,162.65,7350,2444400,162.3,750,162.75,1050
2024-12-31 09:33:25,163.3,2550,2462400,162.95,150,163.35,150
2024-12-31 09:33:27,163.5,3825,2462400,163.25,375,163.5,75
2024-12-31 09:33:28,163.55,10050,2462400,163.2,150,163.55,225
2024-12-31 09:33:30,165.7,18450,2462400,165.35,375,165.7,1650
2024-12-31 09:33:32,165.35,12825,2462400,164.95,450,165.35,150
2024-12-31 09:33:33,166.25,25200,2462400,166.05,150,166.4,150
2024-12-31 09:33:35,168.7,89550,2462400,168.35,150,168.75,75
2024-12-31 09:33:37,168.95,35700,2462400,168.8,525,169.0,750
2024-12-31 09:33:38,169.55,69525,2462400,169.7,75,170.0,375
2024-12-31 09:33:40,167.15,29850,2462400,167.15,150,167.55,150
2024-12-31 09:33:42,166.9,21750,2462400,167.0,600,167.35,75
2024-12-31 09:33:43,167.4,34350,2462400,167.4,150,167.75,450
2024-12-31 09:33:45,167.7,11025,2462400,167.65,225,168.05,675
2024-12-31 09:33:47,167.85,8850,2462400,167.8,150,168.2,825
2024-12-31 09:33:48,167.35,7875,2462400,167.0,150,167.35,75
2024-12-31 09:33:50,166.85,13800,2462400,166.85,525,167.3,450
2024-12-31 09:33:52,167.75,9450,2462400,167.75,75,168.0,75
2024-12-31 09:33:53,168.05,14175,2462400,167.65,450,168.05,225
2024-12-31 09:33:55,166.1,12150,2462400,166.1,525,166.5,600
2024-12-31 09:33:57,167.7,9825,2462400,167.3,225,167.75,600
2024-12-31 09:33:58,165.8,14925,2462400,165.45,75,165.85,675
2024-12-31 09:34:00,165.65,27750,2462400,165.25,825,165.6,150
2024-12-31 09:34:02,166.85,4725,2462400,166.25,825,166.65,375
2024-12-31 09:34:03,167.4,11550,2462400,167.25,75,167.5,375
2024-12-31 09:34:05,167.95,26250,2462400,167.5,300,167.9,675
2024-12-31 09:34:07,168.9,14250,2462400,168.65,450,169.0,3000
2024-12-31 09:34:08,169.2,23175,2462400,169.2,75,169.6,300
2024-12-31 09:34:10,168.5,25950,2462400,168.5,150,168.85,900
2024-12-31 09:34:12,165.15,14850,2462400,165.15,375,165.4,75
2024-12-31 09:34:13,166.2,15450,2462400,166.1,225,166.45,75
2024-12-31 09:34:15,165.15,16200,2462400,165.05,450,165.45,75
2024-12-31 09:34:17,165.35,7500,2462400,165.05,75,165.35,75
2024-12-31 09:34:18,164.65,18675,2462400,164.35,225,164.75,150
2024-12-31 09:34:20,163.65,9300,2462400,163.65,225,164.0,150
2024-12-31 09:34:22,163.55,12225,2462400,163.55,225,163.9,525
2024-12-31 09:34:23,163.15,11700,2462400,162.75,300,163.15,150
2024-12-31 09:34:25,164.0,8400,2462400,164.15,525,164.55,225
2024-12-31 09:34:27,163.35,7200,2462400,163.2,525,163.6,525
2024-12-31 09:34:28,163.7,3675,2462400,164.0,75,164.3,150
2024-12-31 09:34:30,163.85,3825,2462400,163.4,675,163.75,450
2024-12-31 09:34:32,164.75,4800,2462400,164.7,525,165.0,3900
2024-12-31 09:34:33,165.45,8175,2462400,165.2,225,165.6,1050
2024-12-31 09:34:35,167.3,8100,2462400,166.35,300,166.75,150
2024-12-31 09:34:37,165.8,6525,2462400,165.45,150,165.8,750
2024-12-31 09:34:38,164.6,6975,2462400,164.6,675,165.05,1200
2024-12-31 09:34:40,165.85,2700,2462400,165.8,525,166.2,825
2024-12-31 09:34:42,167.85,7350,2462400,167.5,600,167.9,375
2024-12-31 09:34:43,168.3,10875,2462400,167.95,225,168.35,75
2024-12-31 09:34:45,167.0,12150,2462400,166.8,525,167.2,225
2024-12-31 09:34:47,167.45,5700,2462400,167.25,900,167.7,675
2024-12-31 09:34:48,166.55,3300,2462400,166.4,75,166.8,675
2024-12-31 09:34:50,163.8,15600,2462400,163.4,75,163.75,825
2024-12-31 09:34:52,164.3,6900,2462400,164.25,450,164.6,525
2024-12-31 09:34:53,166.0,6675,2462400,165.9,1050,166.35,975
2024-12-31 09:34:55,165.05,5550,2462400,164.9,525,165.3,825
2024-12-31 09:34:57,165.35,2700,2462400,165.55,75,165.95,1350
2024-12-31 09:34:58,166.1,5025,2462400,165.95,300,166.35,300
2024-12-31 09:35:00,168.4,15375,2462400,168.5,75,168.85,675
2024-12-31 09:35:02,167.4,7575,2462400,167.35,900,167.8,1050
2024-12-31 09:35:03,165.0,16950,2462400,164.65,450,165.1,300
2024-12-31 09:35:05,169.0,10500,2462400,168.65,75,169.0,5175
2024-12-31 09:35:07,166.6,11250,2462400,166.6,1125,167.05,375
2024-12-31 09:35:08,166.9,10050,2462400,166.45,225,166.9,750
2024-12-31 09:35:10,168.4,9825,2462400,168.05,150,168.45,450
2024-12-31 09:35:12,169.0,17025,2462400,169.0,75,169.3,150
2024-12-31 09:35:13,166.85,9750,2462400,166.85,150,167.0,150
2024-12-31 09:35:15,166.35,16050,2462400,166.7,75,167.05,75
2024-12-31 09:35:17,167.6,6675,2462400,167.5,1200,167.95,600
2024-12-31 09:35:18,167.45,9150,2462400,167.0,150,167.4,750
2024-12-31 09:35:20,166.9,7425,2462400,166.55,150,166.95,975
2024-12-31 09:35:22,165.95,5625,2462400,165.5,150,165.9,525
2024-12-31 09:35:23,164.6,26400,2462400,164.5,225,164.9,150
2024-12-31 09:35:25,164.4,6450,2462400,164.0,3975,164.3,300
2024-12-31 09:35:27,163.25,12225,2462400,163.35,300,163.75,300
2024-12-31 09:35:28,164.15,21975,2462400,163.75,150,164.15,300
2024-12-31 09:35:30,163.45,12375,2462400,163.05,600,163.4,225
2024-12-31 09:35:32,163.4,12300,2462400,163.4,450,163.8,225
2024-12-31 09:35:33,164.2,12300,2462400,163.8,825,164.15,150
2024-12-31 09:35:35,164.55,9675,2462400,164.5,450,164.9,375
2024-12-31 09:35:37,164.65,22725,2462400,164.65,900,165.05,150
2024-12-31 09:35:38,166.2,8850,2462400,165.8,450,166.2,225
2024-12-31 09:35:40,165.75,7950,2462400,165.55,825,166.0,600
2024-12-31 09:35:42,167.1,8850,2462400,167.05,750,167.45,300
2024-12-31 09:35:43,165.55,9300,2462400,165.2,75,165.55,1200
2024-12-31 09:35:45,164.2,8475,2462400,164.2,225,164.55,75
2024-12-31 09:35:47,164.1,10050,2462400,164.1,75,164.45,75
2024-12-31 09:35:48,163.05,8175,2462400,163.0,3300,163.3,300
2024-12-31 09:35:50,162.95,30675,2462400,162.75,150,163.1,75
2024-12-31 09:35:52,163.35,9450,2462400,163.35,150,163.75,375
2024-12-31 09:35:53,163.15,7125,2462400,163.15,675,163.55,450
2024-12-31 09:35:55,164.15,6150,2462400,163.75,750,164.1,150
2024-12-31 09:35:57,163.7,9900,2462400,163.45,150,163.65,75
2024-12-31 09:35:58,164.6,2625,2462400,164.55,675,164.8,75
2024-12-31 09:36:00,166.35,13275,2462400,165.7,225,166.0,75
2024-12-31 09:36:02,164.6,6225,2462400,164.3,750,164.7,450
2024-12-31 09:36:03,163.45,6450,2462400,163.2,150,163.6,675
2024-12-31 09:36:05,164.35,4650,2462400,164.1,225,164.5,450
2024-12-31 09:36:07,164.45,4800,2462400,164.05,225,164.4,75
2024-12-31 09:36:08,163.8,4575,2462400,163.45,225,163.8,150
2024-12-31 09:36:10,165.85,16725,2462400,165.55,75,165.95,750
2024-12-31 09:36:12,166.2,2025,2462400,165.8,225,165.9,75
2024-12-31 09:36:13,166.65,8100,2462400,166.35,75,166.75,300
2024-12-31 09:36:15,166.1,5175,2462400,166.0,1575,166.4,75
2024-12-31 09:36:17,166.55,7800,2462400,166.15,375,166.55,150
2024-12-31 09:36:18,167.25,4800,2462400,166.9,825,167.3,225
2024-12-31 09:36:20,166.4,8775,2462400,166.1,375,166.45,75
2024-12-31 09:36:22,165.8,13800,2462400,165.8,1050,166.25,225
2024-12-31 09:36:23,166.25,5700,2462400,165.8,600,166.25,375
2024-12-31 09:36:25,165.2,6525,2517975,165.0,2325,165.25,75
2024-12-31 09:36:27,165.4,8475,2517975,165.35,300,165.65,75
2024-12-31 09:36:29,167.25,9450,2517975,166.95,750,167.25,225
2024-12-31 09:36:30,167.35,5100,2517975,166.9,1200,167.1,75
2024-12-31 09:36:32,167.8,9675,2517975,167.4,225,167.75,150
2024-12-31 09:36:34,170.0,51450,2517975,170.25,75,170.5,2025
2024-12-31 09:36:35,170.65,23700,2517975,170.35,75,170.7,450
2024-12-31 09:36:37,185.8,274275,2517975,185.3,225,185.7,150
2024-12-31 09:36:39,185.0,111600,2517975,184.45,75,184.9,900
2024-12-31 09:36:40,185.25,94275,2517975,185.15,150,185.5,450
2024-12-31 09:36:42,188.2,83700,2517975,187.95,150,188.25,75
2024-12-31 09:36:44,188.5,102150,2517975,188.5,150,189.0,375
2024-12-31 09:36:45,190.55,73650,2517975,190.6,150,191.1,450
2024-12-31 09:36:47,191.95,91575,2517975,191.6,525,192.0,225
2024-12-31 09:36:49,190.0,63750,2517975,190.1,300,190.5,450
2024-12-31 09:36:50,190.75,56925,2517975,190.95,150,191.35,300
2024-12-31 09:36:52,191.0,52350,2517975,191.1,300,191.6,900
2024-12-31 09:36:54,187.05,60825,2517975,187.0,225,187.4,225
2024-12-31 09:36:55,186.0,40650,2517975,185.85,150,186.3,75
2024-12-31 09:36:57,184.3,31950,2517975,184.2,1275,184.7,150
2024-12-31 09:36:59,183.9,23925,2517975,183.9,1650,184.15,75
2024-12-31 09:37:00,182.1,30225,2517975,182.55,450,182.95,375
2024-12-31 09:37:02,182.35,21525,2517975,182.1,150,182.35,300
2024-12-31 09:37:04,180.35,23775,2517975,180.2,225,180.55,75
2024-12-31 09:37:05,183.4,26325,2517975,183.4,150,183.8,600
2024-12-31 09:37:07,182.9,12150,2517975,183.15,75,183.55,150
2024-12-31 09:37:09,184.15,19575,2517975,183.7,375,184.2,1050
2024-12-31 09:37:10,185.0,28050,2517975,184.95,75,185.4,375
2024-12-31 09:37:12,184.8,12075,2517975,184.3,150,184.6,75
2024-12-31 09:37:14,183.35,14100,2517975,183.35,75,183.8,450
2024-12-31 09:37:15,184.0,11700,2517975,184.0,450,184.4,75
2024-12-31 09:37:17,184.0,12375,2517975,183.8,150,184.2,675
2024-12-31 09:37:19,183.6,11025,2517975,183.6,75,183.85,750
2024-12-31 09:37:20,184.1,6825,2517975,183.8,375,184.2,225
2024-12-31 09:37:22,184.7,11250,2517975,184.7,600,185.1,300
2024-12-31 09:37:24,184.35,15525,2517975,184.0,225,184.35,450
2024-12-31 09:37:25,184.0,7575,2517975,183.65,375,184.05,75
2024-12-31 09:37:27,183.4,10800,2517975,183.55,225,184.0,975
2024-12-31 09:37:28,183.1,12825,2517975,182.75,150,183.15,150
2024-12-31 09:37:30,182.05,20475,2517975,182.1,450,182.55,150
2024-12-31 09:37:32,182.45,8100,2517975,182.25,375,182.6,75
2024-12-31 09:37:33,179.9,28800,2517975,179.3,150,179.7,150
2024-12-31 09:37:35,178.7,19575,2517975,178.3,225,178.75,225
2024-12-31 09:37:37,177.0,22050,2517975,176.65,150,177.0,75
2024-12-31 09:37:38,174.45,22725,2517975,174.4,225,174.75,75
2024-12-31 09:37:40,176.75,11925,2517975,176.7,525,177.1,225
2024-12-31 09:37:42,178.4,12825,2517975,178.35,150,178.75,300
2024-12-31 09:37:43,179.9,12300,2517975,179.4,300,179.8,150
2024-12-31 09:37:45,178.75,10125,2517975,178.7,75,179.05,150
2024-12-31 09:37:47,178.65,7575,2517975,178.6,75,178.8,375
2024-12-31 09:37:48,179.75,8925,2517975,179.4,225,179.8,600
2024-12-31 09:37:50,180.65,8700,2517975,180.1,375,180.55,525
2024-12-31 09:37:52,182.0,9375,2517975,181.6,750,182.0,825
2024-12-31 09:37:53,181.95,9675,2517975,181.25,75,181.6,525
2024-12-31 09:37:55,183.25,14775,2517975,182.8,525,183.25,225
2024-12-31 09:37:57,183.6,8325,2517975,183.15,150,183.55,375
2024-12-31 09:37:58,184.55,12750,2517975,184.2,150,184.55,225
2024-12-31 09:38:00,186.2,38775,2517975,185.7,300,186.15,150
2024-12-31 09:38:02,185.45,21600,2517975,185.1,75,185.5,150
2024-12-31 09:38:03,182.35,15225,2517975,182.35,300,182.6,150
2024-12-31 09:38:05,183.4,13650,2517975,182.95,150,183.4,225
2024-12-31 09:38:07,182.9,7575,2517975,182.75,75,183.2,825
2024-12-31 09:38:08,183.15,9600,2517975,182.8,150,183.2,300
2024-12-31 09:38:10,184.05,7125,2517975,183.8,150,184.2,375
2024-12-31 09:38:12,182.85,6975,2517975,182.45,150,182.85,150
2024-12-31 09:38:13,182.75,8475,2517975,182.4,375,182.85,375
2024-12-31 09:38:15,183.7,5400,2517975,183.75,600,184.0,300
2024-12-31 09:38:17,183.65,4200,2517975,184.0,600,184.3,300
2024-12-31 09:38:18,185.0,7650,2517975,185.2,150,185.6,450
2024-12-31 09:38:20,185.0,10575,2517975,184.6,375,184.95,150
2024-12-31 09:38:22,183.65,12375,2517975,183.6,150,183.95,225
2024-12-31 09:38:23,183.8,8775,2517975,183.4,1050,183.85,75
2024-12-31 09:38:25,183.15,9825,2517975,182.8,75,183.15,75
2024-12-31 09:38:27,182.7,7125,2517975,182.25,300,182.65,225
2024-12-31 09:38:28,183.85,4800,2517975,183.9,150,184.3,525
2024-12-31 09:38:30,183.45,3150,2517975,183.15,900,183.55,300
2024-12-31 09:38:32,182.6,6450,2517975,182.3,150,182.7,525
2024-12-31 09:38:33,183.8,9375,2517975,184.05,225,184.5,150
2024-12-31 09:38:35,184.05,2925,2517975,183.65,225,184.05,450
2024-12-31 09:38:37,183.9,2325,2517975,183.45,525,183.85,150
2024-12-31 09:38:38,183.85,3750,2517975,183.5,75,183.95,375
2024-12-31 09:38:40,184.95,7350,2517975,184.6,150,184.95,150
2024-12-31 09:38:42,184.0,16875,2517975,182.9,150,183.3,75
2024-12-31 09:38:43,184.1,5400,2517975,183.65,750,184.2,600
2024-12-31 09:38:45,184.45,4425,2517975,184.05,525,184.45,150
2024-12-31 09:38:47,186.0,28725,2517975,185.65,75,186.05,225
2024-12-31 09:38:48,186.1,15900,2517975,186.1,750,186.6,375
2024-12-31 09:38:50,186.3,12900,2517975,185.85,900,186.35,75
2024-12-31 09:38:52,187.35,14925,2517975,187.1,975,187.65,300
2024-12-31 09:38:54,185.95,17925,2517975,185.9,150,186.3,825
2024-12-31 09:38:55,185.75,11925,2517975,185.2,450,185.6,75
2024-12-31 09:38:57,187.1,5475,2517975,186.65,300,187.1,75
2024-12-31 09:38:59,186.75,5925,2517975,186.4,75,186.8,75
2024-12-31 09:39:00,187.15,13725,2517975,187.3,750,187.7,150
2024-12-31 09:39:02,186.35,14775,2517975,186.35,150,186.8,150
2024-12-31 09:39:04,186.75,9900,2517975,186.1,1275,186.5,150
2024-12-31 09:39:05,185.45,5475,2517975,185.4,225,185.75,225
2024-12-31 09:39:07,185.0,10875,2517975,185.0,2475,185.2,75
2024-12-31 09:39:09,187.65,8700,2517975,187.65,225,187.85,75
2024-12-31 09:39:10,185.6,10875,2517975,185.45,75,185.8,450
2024-12-31 09:39:12,185.25,12750,2517975,184.9,300,185.3,450
2024-12-31 09:39:14,186.05,10800,2517975,185.7,525,186.05,75
2024-12-31 09:39:15,186.55,9375,2517975,186.55,150,186.95,300
2024-12-31 09:39:17,187.55,4275,2517975,187.65,225,187.8,375
2024-12-31 09:39:19,186.95,12525,2517975,186.9,1500,187.25,150
2024-12-31 09:39:20,189.2,25500,2517975,189.25,150,189.55,300
2024-12-31 09:39:22,190.0,17700,2517975,189.85,150,190.0,10050
2024-12-31 09:39:24,190.4,31875,2517975,190.1,150,190.5,150
2024-12-31 09:39:25,191.1,13350,2077575,191.2,150,191.55,150
2024-12-31 09:39:27,196.2,64800,2077575,194.15,300,194.7,375
2024-12-31 09:39:28,193.0,57375,2077575,193.0,1425,193.45,225
2024-12-31 09:39:30,196.95,41475,2077575,194.95,825,195.2,75
2024-12-31 09:39:32,196.35,36825,2077575,195.7,1650,196.25,150
2024-12-31 09:39:33,195.05,35400,2077575,194.6,150,195.0,375
2024-12-31 09:39:35,192.15,26925,2077575,191.95,150,192.5,825
2024-12-31 09:39:37,192.65,17550,2077575,192.7,150,193.15,225
2024-12-31 09:39:38,193.0,12000,2077575,192.9,225,193.35,150
2024-12-31 09:39:40,195.7,16800,2077575,195.3,300,195.7,150
2024-12-31 09:39:42,194.15,20700,2077575,193.8,750,194.3,300
2024-12-31 09:39:43,193.25,29325,2077575,192.75,225,193.15,300
2024-12-31 09:39:45,193.2,13650,2077575,192.9,375,193.3,150
2024-12-31 09:39:47,193.55,14250,2077575,193.55,75,194.0,150
2024-12-31 09:39:48,194.0,10050,2077575,194.0,150,194.45,225
2024-12-31 09:39:50,194.25,10950,2077575,193.9,150,194.3,150
2024-12-31 09:39:52,193.8,13950,2077575,193.4,675,193.85,300
2024-12-31 09:39:53,194.1,19125,2077575,194.15,525,194.5,150
2024-12-31 09:39:55,194.3,16800,2077575,193.85,150,194.25,225
2024-12-31 09:39:57,193.1,19125,2077575,193.2,150,193.65,525
2024-12-31 09:39:58,193.55,9675,2077575,193.45,225,193.85,150
2024-12-31 09:40:00,195.45,18825,2077575,195.15,375,195.55,225
2024-12-31 09:40:02,195.85,16875,2077575,195.85,300,196.3,75
2024-12-31 09:40:03,195.0,17775,2077575,195.0,1200,195.4,225
2024-12-31 09:40:05,195.45,19350,2077575,195.25,375,195.75,300
2024-12-31 09:40:07,195.25,35250,2077575,194.85,150,195.25,75
2024-12-31 09:40:08,194.0,13800,2077575,194.15,75,194.45,75
2024-12-31 09:40:10,193.2,29100,2077575,193.2,225,193.6,225
2024-12-31 09:40:12,193.95,13350,2077575,193.5,150,193.95,150
2024-12-31 09:40:13,195.25,12000,2077575,195.0,150,195.25,75
2024-12-31 09:40:15,194.75,18750,2077575,194.75,150,195.0,525
2024-12-31 09:40:17,194.6,12600,2077575,194.65,150,195.0,75
2024-12-31 09:40:18,193.15,13125,2077575,192.65,75,193.1,375
2024-12-31 09:40:20,193.3,10125,2077575,193.25,150,193.6,150
2024-12-31 09:40:22,194.6,13650,2077575,194.5,150,194.75,75
2024-12-31 09:40:23,193.6,12075,2077575,193.6,150,193.95,75
2024-12-31 09:40:25,193.55,7725,2077575,193.1,75,193.5,225
2024-12-31 09:40:27,194.05,9300,2077575,194.1,450,194.55,225
2024-12-31 09:40:28,193.8,9450,2077575,193.65,75,194.05,375
2024-12-31 09:40:30,194.9,10050,2077575,195.3,750,195.7,150
2024-12-31 09:40:32,194.35,10950,2077575,194.05,75,194.55,525
2024-12-31 09:40:33,193.55,15975,2077575,193.5,150,193.9,600
2024-12-31 09:40:35,190.85,23175,2077575,191.1,150,191.45,525
2024-12-31 09:40:37,188.1,42150,2077575,188.0,75,188.25,750
2024-12-31 09:40:38,187.7,21375,2077575,187.7,150,188.1,150
2024-12-31 09:40:40,185.7,24675,2077575,185.6,225,186.0,150
2024-12-31 09:40:42,184.7,30900,2077575,184.3,225,184.7,150
2024-12-31 09:40:43,187.55,16200,2077575,187.05,150,187.5,375
2024-12-31 09:40:45,189.8,7125,2077575,189.05,225,189.5,300
2024-12-31 09:40:47,188.75,9750,2077575,188.25,150,188.55,225
2024-12-31 09:40:48,188.9,11250,2077575,188.6,225,189.0,225
2024-12-31 09:40:50,188.75,6000,2077575,188.75,375,189.0,1275
2024-12-31 09:40:52,189.9,5700,2077575,189.5,225,189.9,150
2024-12-31 09:40:54,189.8,14700,2077575,189.65,600,190.1,300
2024-12-31 09:40:55,189.7,7050,2077575,189.35,375,189.8,225
2024-12-31 09:40:57,187.95,11400,2077575,187.95,75,188.35,225
2024-12-31 09:40:59,188.6,12900,2077575,188.5,150,188.9,150
2024-12-31 09:41:00,187.95,6450,2077575,187.95,150,188.25,375
2024-12-31 09:41:02,187.0,9600,2077575,187.0,900,187.35,600
2024-12-31 09:41:04,187.05,6300,2077575,187.0,1800,187.2,225
2024-12-31 09:41:05,187.15,4875,2077575,187.1,2250,187.35,225
2024-12-31 09:41:07,185.15,18900,2077575,185.25,750,185.7,150
2024-12-31 09:41:09,185.5,15525,2077575,185.25,300,185.65,300
2024-12-31 09:41:10,184.7,18450,2077575,184.65,225,185.1,450
2024-12-31 09:41:12,183.85,10575,2077575,183.85,75,184.25,525
2024-12-31 09:41:14,182.8,17175,2077575,182.75,75,183.2,1200
2024-12-31 09:41:15,181.45,24300,2077575,181.4,225,181.85,525
2024-12-31 09:41:17,181.45,25275,2077575,181.5,75,181.95,225
2024-12-31 09:41:19,181.6,14325,2077575,181.3,225,181.65,300
2024-12-31 09:41:20,182.05,15150,2077575,182.05,300,182.45,150
2024-12-31 09:41:22,184.65,21375,2077575,184.3,150,184.65,150
2024-12-31 09:41:24,184.15,13500,2077575,184.0,225,184.35,450
2024-12-31 09:41:25,184.55,8025,2077575,184.4,225,184.8,300
2024-12-31 09:41:27,184.75,7875,2077575,184.4,150,184.75,75
2024-12-31 09:41:28,184.2,4950,2077575,184.0,75,184.2,600
2024-12-31 09:41:30,184.35,5550,2077575,184.15,300,184.55,225
2024-12-31 09:41:32,183.1,4425,2077575,183.4,75,183.65,1050
2024-12-31 09:41:33,183.9,1875,2077575,183.5,150,183.9,300
2024-12-31 09:41:35,185.65,13050,2077575,185.25,150,185.65,450
2024-12-31 09:41:37,185.75,7050,2077575,185.95,150,186.3,375
2024-12-31 09:41:38,185.4,5850,2077575,185.0,225,185.4,300
2024-12-31 09:41:40,182.75,13350,2077575,182.45,450,182.85,300
2024-12-31 09:41:42,182.7,4425,2077575,182.4,450,182.8,150
2024-12-31 09:41:43,182.7,1800,2077575,183.4,150,183.8,450
2024-12-31 09:41:45,182.95,2625,2077575,182.75,75,183.1,150
2024-12-31 09:41:47,184.1,5550,2077575,183.75,150,184.1,375
2024-12-31 09:41:48,182.3,15375,2077575,182.1,75,182.45,1125
2024-12-31 09:41:50,180.3,8775,2077575,180.0,10575,180.4,225
2024-12-31 09:41:52,178.5,27825,2077575,178.5,150,178.85,150
2024-12-31 09:41:53,180.45,17175,2077575,180.6,300,180.95,225
2024-12-31 09:41:55,181.4,9675,2077575,180.9,150,181.3,450
2024-12-31 09:41:57,181.05,7425,2077575,180.55,150,180.95,150
2024-12-31 09:41:58,181.05,10350,2077575,180.95,75,181.35,150
2024-12-31 09:42:00,182.1,6450,2077575,181.8,75,182.2,300
2024-12-31 09:42:02,179.45,10350,2077575,179.1,450,179.45,75
2024-12-31 09:42:03,178.8,8625,2077575,178.75,450,179.15,225
2024-12-31 09:42:05,176.9,14850,2077575,176.75,300,177.1,375
2024-12-31 09:42:07,176.55,18600,2077575,176.55,225,176.95,300
2024-12-31 09:42:08,177.0,11100,2077575,177.0,375,177.4,825
2024-12-31 09:42:10,176.7,22575,2077575,176.3,675,176.7,450
2024-12-31 09:42:12,176.3,15375,2077575,176.0,300,176.2,150
2024-12-31 09:42:13,177.75,21150,2077575,177.75,375,178.2,225
2024-12-31 09:42:15,178.3,5850,2077575,178.25,225,178.7,375
2024-12-31 09:42:17,177.7,4200,2077575,177.3,675,177.7,150
2024-12-31 09:42:18,177.5,6300,2077575,177.2,75,177.55,75
2024-12-31 09:42:20,177.3,4050,2077575,177.05,75,177.35,75
2024-12-31 09:42:22,174.05,13200,2077575,174.05,75,174.45,900
2024-12-31 09:42:23,172.4,35250,2077575,172.1,525,172.5,300
2024-12-31 09:42:25,169.9,40725,2077575,169.85,300,170.25,75
2024-12-31 09:42:27,169.1,44700,1988025,168.6,150,169.0,75
2024-12-31 09:42:28,169.45,37950,1988025,169.35,225,169.75,75
2024-12-31 09:42:30,168.55,21600,1988025,168.0,10125,168.35,450
2024-12-31 09:42:32,168.35,35700,1988025,167.85,525,168.2,150
2024-12-31 09:42:33,166.2,39225,1988025,165.4,225,165.85,375
2024-12-31 09:42:35,163.3,35025,1988025,163.25,750,163.65,1050
2024-12-31 09:42:37,163.45,42225,1988025,162.95,375,163.4,1050
2024-12-31 09:42:38,166.6,13650,1988025,166.7,150,167.05,150
2024-12-31 09:42:40,166.25,18225,1988025,165.8,300,166.2,675
2024-12-31 09:42:42,164.4,13725,1988025,164.1,150,164.4,75
2024-12-31 09:42:43,164.05,14175,1988025,163.85,150,164.2,150
2024-12-31 09:42:45,164.7,9900,1988025,164.9,300,165.05,750
2024-12-31 09:42:47,165.35,7650,1988025,165.15,225,165.5,675
2024-12-31 09:42:48,166.1,15675,1988025,165.75,150,166.1,300
2024-12-31 09:42:50,164.65,8175,1988025,164.2,75,164.65,1275
2024-12-31 09:42:52,162.05,43575,1988025,161.7,75,162.0,1650
2024-12-31 09:42:54,159.1,37575,1988025,159.05,75,159.45,225
2024-12-31 09:42:55,160.15,32475,1988025,160.0,150,160.3,150
2024-12-31 09:42:57,157.1,37125,1988025,156.6,375,156.95,150
2024-12-31 09:42:59,155.0,21075,1988025,155.35,150,155.8,525
2024-12-31 09:43:00,150.35,117000,1988025,150.15,300,150.6,225
2024-12-31 09:43:02,140.5,182700,1988025,141.05,225,141.3,825
2024-12-31 09:43:04,136.45,99375,1988025,137.85,375,138.45,300
2024-12-31 09:43:05,145.2,56175,1988025,145.2,225,145.6,375
2024-12-31 09:43:07,150.6,45600,1988025,150.4,225,150.75,75
2024-12-31 09:43:09,149.2,24450,1988025,149.05,75,149.4,675
2024-12-31 09:43:10,150.0,15075,1988025,149.55,150,149.95,375
2024-12-31 09:43:12,153.15,23250,1988025,152.85,75,153.2,75
2024-12-31 09:43:14,156.15,21600,1988025,155.6,150,156.1,1050
2024-12-31 09:43:15,154.55,18825,1988025,154.15,300,154.55,150
2024-12-31 09:43:17,156.0,21900,1988025,155.55,525,155.95,1125
2024-12-31 09:43:19,154.8,28350,1988025,154.9,1125,155.3,150
2024-12-31 09:43:20,154.1,19500,1988025,154.15,150,154.55,525
2024-12-31 09:43:22,156.0,16950,1988025,155.8,375,156.1,150
2024-12-31 09:43:24,155.95,30000,1988025,155.75,75,156.05,75
2024-12-31 09:43:25,154.25,23025,1988025,154.0,300,154.25,75
2024-12-31 09:43:27,153.0,16125,1988025,152.7,75,153.05,150
2024-12-31 09:43:29,153.0,14625,1988025,153.0,750,153.25,825
2024-12-31 09:43:30,153.55,10425,1988025,153.6,150,153.95,150
2024-12-31 09:43:32,155.0,15000,1988025,154.9,1575,155.35,900
2024-12-31 09:43:34,155.7,15750,1988025,155.35,450,155.7,300
2024-12-31 09:43:35,155.55,11175,1988025,155.25,300,155.6,600
2024-12-31 09:43:37,155.6,12900,1988025,155.3,75,155.6,225
2024-12-31 09:43:39,158.75,27525,1988025,158.7,75,159.05,450
2024-12-31 09:43:40,158.75,18675,1988025,158.35,225,158.7,375
2024-12-31 09:43:42,156.7,27150,1988025,156.15,375,156.5,225
2024-12-31 09:43:44,157.15,16950,1988025,156.9,150,157.25,225
2024-12-31 09:43:45,156.85,13275,1988025,156.4,525,156.85,150
2024-12-31 09:43:47,157.9,14550,1988025,157.55,300,157.9,150
2024-12-31 09:43:49,157.7,12000,1988025,157.15,150,157.45,225
2024-12-31 09:43:50,157.8,28350,1988025,157.65,225,158.0,75
2024-12-31 09:43:52,157.6,29775,1988025,157.25,150,157.65,600
2024-12-31 09:43:54,156.0,19725,1988025,156.3,150,156.5,75
2024-12-31 09:43:55,156.9,11775,1988025,156.9,600,157.25,225
2024-12-31 09:43:57,156.5,8025,1988025,156.05,375,156.3,75
2024-12-31 09:43:59,156.85,6825,1988025,156.5,75,156.8,600
2024-12-31 09:44:00,155.8,5850,1988025,155.75,150,155.95,150
2024-12-31 09:44:02,157.9,18600,1988025,157.55,300,157.95,975
2024-12-31 09:44:04,155.7,8400,1988025,156.0,150,156.3,150
2024-12-31 09:44:05,157.1,6750,1988025,157.05,75,157.45,1350
2024-12-31 09:44:07,157.85,7575,1988025,157.9,75,158.15,150
2024-12-31 09:44:09,155.85,13050,1988025,155.8,150,156.0,75
2024-12-31 09:44:10,156.9,11775,1988025,156.7,1275,157.15,150
2024-12-31 09:44:12,157.15,7950,1988025,156.85,75,157.25,150
2024-12-31 09:44:14,156.2,8100,1988025,156.05,150,156.4,225
2024-12-31 09:44:15,156.05,4950,1988025,156.1,975,156.5,225
2024-12-31 09:44:17,155.9,6750,1988025,155.8,225,156.15,300
2024-12-31 09:44:19,157.3,5325,1988025,156.9,600,157.3,375
2024-12-31 09:44:20,156.75,6675,1988025,156.7,225,157.0,150
2024-12-31 09:44:22,156.5,6075,1988025,156.6,300,156.95,450
2024-12-31 09:44:24,155.5,30525,1988025,155.15,75,155.5,375
2024-12-31 09:44:25,156.75,6825,1988025,156.4,300,156.75,75
2024-12-31 09:44:27,156.3,5325,1988025,156.3,150,156.65,300
2024-12-31 09:44:28,155.45,3600,1988025,155.3,150,155.6,150
2024-12-31 09:44:30,154.75,4500,1988025,154.25,300,154.6,150
2024-12-31 09:44:32,153.85,18975,1988025,154.1,450,154.5,1425
2024-12-31 09:44:33,155.6,5775,1988025,155.3,75,155.6,450
2024-12-31 09:44:35,155.8,5100,1988025,155.7,225,156.0,525
2024-12-31 09:44:37,155.85,5400,1988025,155.85,75,156.05,300
2024-12-31 09:44:38,156.8,6900,1988025,156.35,225,156.7,75
2024-12-31 09:44:40,155.7,9750,1988025,155.8,150,156.15,450
2024-12-31 09:44:42,156.25,10200,1988025,155.85,450,156.3,975
2024-12-31 09:44:43,155.7,8250,1988025,155.8,225,156.0,225
2024-12-31 09:44:45,156.5,6825,1988025,156.2,450,156.5,150
2024-12-31 09:44:47,153.55,14475,1988025,153.35,75,153.7,525
2024-12-31 09:44:48,153.85,9450,1988025,153.65,300,154.0,675
2024-12-31 09:44:50,154.5,7050,1988025,154.15,300,154.55,600
2024-12-31 09:44:52,155.35,5850,1988025,155.35,225,155.75,675
2024-12-31 09:44:53,154.0,4575,1988025,154.1,375,154.45,600
2024-12-31 09:44:55,154.9,4350,1988025,154.55,300,154.9,600
2024-12-31 09:44:57,155.25,5625,1988025,154.5,525,154.85,75
2024-12-31 09:44:58,155.0,8325,1988025,154.75,375,155.1,525
2024-12-31 09:45:00,151.85,30750,1988025,151.8,375,152.15,300
2024-12-31 09:45:02,151.7,51900,1988025,151.75,225,152.1,825
2024-12-31 09:45:04,151.0,16350,1988025,150.75,450,151.05,150
2024-12-31 09:45:05,152.1,12150,1988025,151.8,225,152.1,150
2024-12-31 09:45:07,152.85,10950,1988025,153.0,525,153.35,75
2024-12-31 09:45:09,152.0,12375,1988025,151.85,225,152.2,525
2024-12-31 09:45:10,153.0,7275,1988025,152.9,150,153.25,225
2024-12-31 09:45:12,153.85,12900,1988025,153.85,225,154.25,300
2024-12-31 09:45:14,154.8,5850,1988025,154.45,225,154.8,675
2024-12-31 09:45:15,153.9,8475,1988025,153.55,375,153.9,225
2024-12-31 09:45:17,153.25,11400,1988025,152.95,300,153.3,225
2024-12-31 09:45:19,153.35,9675,1988025,153.0,300,153.35,225
2024-12-31 09:45:20,152.0,12975,1988025,151.65,300,151.95,450
2024-12-31 09:45:22,151.6,15000,1988025,151.4,150,151.65,75
2024-12-31 09:45:24,150.85,11925,1988025,150.95,375,151.35,450
2024-12-31 09:45:25,151.95,24300,1988025,151.65,300,151.95,150
2024-12-31 09:45:27,150.2,21150,2201325,150.2,75,150.4,825
2024-12-31 09:45:29,149.5,17550,2201325,149.15,525,149.5,225
2024-12-31 09:45:30,150.3,20925,2201325,150.2,300,150.55,375
2024-12-31 09:45:32,151.9,9750,2201325,151.4,525,151.75,225
2024-12-31 09:45:34,151.25,6975,2201325,151.2,225,151.55,75
2024-12-31 09:45:35,151.7,11025,2201325,151.8,300,152.15,375
2024-12-31 09:45:37,151.6,5400,2201325,151.35,300,151.7,300
2024-12-31 09:45:39,152.15,4425,2201325,151.5,375,151.85,225
2024-12-31 09:45:40,151.7,5325,2201325,151.45,75,151.65,375
2024-12-31 09:45:42,152.45,8175,2201325,152.3,450,152.65,300
2024-12-31 09:45:44,151.9,11025,2201325,151.7,1950,152.0,1350
2024-12-31 09:45:45,151.5,23775,2201325,151.55,300,151.9,450
2024-12-31 09:45:47,151.85,4950,2201325,151.3,150,151.6,75
2024-12-31 09:45:49,150.25,15525,2201325,149.95,375,150.3,300
2024-12-31 09:45:50,151.4,14025,2201325,151.15,225,151.45,150
2024-12-31 09:45:52,151.8,18150,2201325,151.85,150,152.2,150
2024-12-31 09:45:54,150.75,5625,2201325,150.85,225,151.15,75
2024-12-31 09:45:55,152.0,8100,2201325,152.0,375,152.35,75
2024-12-31 09:45:57,151.85,8700,2201325,151.75,225,152.1,450
2024-12-31 09:45:59,152.65,11850,2201325,152.25,75,152.55,225
2024-12-31 09:46:00,152.6,13200,2201325,152.2,525,152.55,600
2024-12-31 09:46:02,153.0,11325,2201325,153.05,150,153.4,600
2024-12-31 09:46:04,153.65,6525,2201325,153.4,300,153.75,300
2024-12-31 09:46:05,155.05,12150,2201325,155.05,450,155.4,150
2024-12-31 09:46:07,154.5,8775,2201325,154.55,450,154.95,525
2024-12-31 09:46:09,154.75,7500,2201325,154.7,225,155.0,750
2024-12-31 09:46:10,156.5,16950,2201325,156.45,75,156.75,225
2024-12-31 09:46:12,155.7,15225,2201325,155.7,150,156.05,300
2024-12-31 09:46:14,154.9,30900,2201325,154.85,375,155.2,525
2024-12-31 09:46:15,155.0,8250,2201325,155.0,900,155.35,300
2024-12-31 09:46:17,154.35,10575,2201325,154.0,1725,154.3,450
2024-12-31 09:46:19,155.1,5625,2201325,155.05,450,155.4,150
2024-12-31 09:46:20,153.8,14325,2201325,153.7,150,154.0,375
2024-12-31 09:46:22,155.15,4725,2201325,155.1,75,155.5,600
2024-12-31 09:46:24,155.0,9150,2201325,155.0,900,155.35,225
2024-12-31 09:46:25,156.2,3675,2201325,156.2,150,156.45,225
2024-12-31 09:46:27,156.05,5625,2201325,156.05,75,156.4,525
2024-12-31 09:46:29,155.7,9600,2201325,155.35,300,155.7,225
2024-12-31 09:46:30,154.9,6825,2201325,154.65,225,155.0,900
2024-12-31 09:46:32,154.6,5700,2201325,154.3,225,154.6,75
2024-12-31 09:46:34,154.95,9150,2201325,154.65,225,154.95,75
2024-12-31 09:46:35,154.4,3450,2201325,154.3,375,154.6,150
2024-12-31 09:46:37,153.75,12075,2201325,153.75,525,154.0,975
2024-12-31 09:46:39,155.05,4875,2201325,155.05,75,155.4,225
2024-12-31 09:46:40,154.65,13200,2201325,154.45,225,154.75,1200
2024-12-31 09:46:42,154.35,7350,2201325,154.0,300,154.35,375
2024-12-31 09:46:44,154.3,7650,2201325,154.0,450,154.3,75
2024-12-31 09:46:45,153.8,5550,2201325,153.75,225,154.0,75
2024-12-31 09:46:47,153.7,4650,2201325,154.0,1050,154.4,300
2024-12-31 09:46:49,155.0,16200,2201325,154.95,225,155.15,75
2024-12-31 09:46:50,157.05,21525,2201325,157.45,300,157.8,75
2024-12-31 09:46:52,158.8,13200,2201325,158.5,675,158.9,675
2024-12-31 09:46:54,159.25,36300,2201325,158.6,150,159.05,750
2024-12-31 09:46:55,158.45,27150,2201325,158.3,75,158.5,75
2024-12-31 09:46:57,158.0,13200,2201325,157.6,1050,158.05,375
2024-12-31 09:46:59,155.8,10200,2201325,155.7,75,156.05,675
2024-12-31 09:47:00,157.3,33000,2201325,156.95,300,157.3,150
2024-12-31 09:47:02,153.3,26250,2201325,153.35,225,153.7,600
2024-12-31 09:47:04,153.05,19425,2201325,152.65,150,153.0,525
2024-12-31 09:47:05,153.75,6150,2201325,153.75,300,154.1,225
2024-12-31 09:47:07,154.05,20100,2201325,153.7,75,153.9,150
2024-12-31 09:47:09,154.9,4350,2201325,154.2,600,154.5,150
2024-12-31 09:47:10,155.15,9225,2201325,154.45,225,154.6,150
2024-12-31 09:47:12,154.95,4800,2201325,154.6,375,154.9,75
2024-12-31 09:47:14,155.35,3450,2201325,155.1,300,155.35,75
2024-12-31 09:47:15,156.45,7275,2201325,156.5,375,156.95,150
2024-12-31 09:47:17,157.35,7725,2201325,157.2,1125,157.5,75
2024-12-31 09:47:19,157.1,7575,2201325,156.7,225,157.05,450
2024-12-31 09:47:20,155.65,6075,2201325,155.7,600,156.05,150
2024-12-31 09:47:22,155.35,5925,2201325,155.35,225,155.6,75
2024-12-31 09:47:24,155.15,5025,2201325,155.4,75,155.7,300
2024-12-31 09:47:25,155.2,17100,2201325,154.9,900,155.3,675
2024-12-31 09:47:27,155.45,6300,2201325,155.15,375,155.45,150
2024-12-31 09:47:29,153.85,8850,2201325,153.75,150,154.1,525
2024-12-31 09:47:30,154.5,3225,2201325,154.4,75,154.65,150
2024-12-31 09:47:32,154.15,3150,2201325,154.25,75,154.6,600
2024-12-31 09:47:34,153.65,8850,2201325,153.25,375,153.65,375
2024-12-31 09:47:35,153.7,5850,2201325,153.75,150,154.0,75
2024-12-31 09:47:37,154.45,2775,2201325,154.5,225,154.75,75
2024-12-31 09:47:39,153.75,5025,2201325,153.7,450,154.0,225
2024-12-31 09:47:40,155.25,3150,2201325,155.25,75,155.35,300
2024-12-31 09:47:42,156.45,5550,2201325,156.25,525,156.6,150
2024-12-31 09:47:44,156.4,3300,2201325,156.15,525,156.35,225
2024-12-31 09:47:45,157.85,8400,2201325,157.5,750,157.85,75
2024-12-31 09:47:47,156.25,11475,2201325,155.95,225,156.25,75
2024-12-31 09:47:49,156.4,8100,2201325,156.05,975,156.45,975
2024-12-31 09:47:50,157.9,1800,2201325,157.75,150,157.95,150
2024-12-31 09:47:52,157.5,6150,2201325,157.45,150,157.8,525
2024-12-31 09:47:54,155.5,14175,2201325,155.05,225,155.45,300
2024-12-31 09:47:55,156.25,8700,2201325,156.2,900,156.45,75
2024-12-31 09:47:57,155.95,3675,2201325,155.45,225,155.8,225
2024-12-31 09:47:59,154.85,2850,2201325,154.4,450,154.75,375
2024-12-31 09:48:00,152.0,32700,2201325,151.85,75,152.2,225
2024-12-31 09:48:02,152.4,6000,2201325,152.0,750,152.35,300
2024-12-31 09:48:04,151.65,7875,2201325,151.35,150,151.65,150
2024-12-31 09:48:05,151.65,5775,2201325,151.3,150,151.65,150
2024-12-31 09:48:07,151.25,9525,2201325,151.3,900,151.65,75
2024-12-31 09:48:09,149.15,49425,2201325,149.1,375,149.45,150
2024-12-31 09:48:10,147.0,32625,2201325,147.0,450,147.35,300
2024-12-31 09:48:12,146.25,21900,2201325,146.3,75,146.6,75
2024-12-31 09:48:14,147.85,19125,2201325,147.85,825,148.25,225
2024-12-31 09:48:15,148.65,10275,2201325,148.65,825,149.0,450
2024-12-31 09:48:17,146.95,9825,2201325,146.7,75,147.0,300
2024-12-31 09:48:19,147.85,8325,2201325,147.9,675,148.15,150
2024-12-31 09:48:20,148.35,12225,2201325,148.05,525,148.4,600
2024-12-31 09:48:22,147.95,6900,2201325,147.7,225,147.95,225
2024-12-31 09:48:24,149.4,7650,2201325,149.4,300,149.75,75
2024-12-31 09:48:25,149.65,14625,2201325,149.15,225,149.55,225
2024-12-31 09:48:27,149.85,4725,2454525,149.55,600,149.9,375
2024-12-31 09:48:29,149.0,5175,2454525,148.95,150,149.35,300
2024-12-31 09:48:30,148.3,9450,2454525,148.3,600,148.6,75
2024-12-31 09:48:32,147.0,13500,2454525,146.95,150,147.25,375
2024-12-31 09:48:34,148.25,7050,2454525,148.0,675,148.4,450
2024-12-31 09:48:35,148.4,7500,2454525,148.1,150,148.45,300
2024-12-31 09:48:37,148.25,6900,2454525,148.45,75,148.75,150
2024-12-31 09:48:39,147.95,1800,2454525,147.6,225,147.8,75
2024-12-31 09:48:40,148.8,3225,2454525,148.4,150,148.7,225
2024-12-31 09:48:42,148.25,4875,2454525,148.25,225,148.6,225
2024-12-31 09:48:44,149.45,4800,2454525,149.15,225,149.5,225
2024-12-31 09:48:45,149.0,2625,2454525,149.05,525,149.25,75
2024-12-31 09:48:47,149.5,5325,2454525,149.15,225,149.55,750
2024-12-31 09:48:49,149.4,6375,2454525,149.05,450,149.4,375
2024-12-31 09:48:50,147.3,9525,2454525,147.3,75,147.6,750
2024-12-31 09:48:52,148.0,13500,2454525,147.6,300,147.95,450
2024-12-31 09:48:54,148.35,4275,2454525,148.3,375,148.65,750
2024-12-31 09:48:55,147.35,24450,2454525,147.4,300,147.6,375
2024-12-31 09:48:57,145.95,23325,2454525,145.7,75,145.95,300
2024-12-31 09:48:59,144.85,85725,2454525,145.0,150,145.3,900
2024-12-31 09:49:00,142.55,15900,2454525,142.5,225,142.85,450
2024-12-31 09:49:02,143.5,24450,2454525,143.4,675,143.8,225
2024-12-31 09:49:04,142.25,13725,2454525,142.25,150,142.6,450
2024-12-31 09:49:05,142.2,19275,2454525,142.15,75,142.45,75
2024-12-31 09:49:07,143.55,15975,2454525,143.5,225,143.85,150
2024-12-31 09:49:09,144.4,13425,2454525,144.25,150,144.6,450
2024-12-31 09:49:11,145.45,14175,2454525,145.35,375,145.7,375
2024-12-31 09:49:12,145.65,14850,2454525,145.55,225,145.9,75
2024-12-31 09:49:14,146.1,10875,2454525,145.75,375,146.15,1200
2024-12-31 09:49:16,145.7,6750,2454525,145.2,75,145.45,300
2024-12-31 09:49:17,145.7,20475,2454525,145.65,150,145.95,225
2024-12-31 09:49:19,145.85,5400,2454525,145.95,150,146.25,150
2024-12-31 09:49:21,144.5,7575,2454525,144.15,225,144.45,225
2024-12-31 09:49:22,144.55,9000,2454525,144.8,150,145.0,75
2024-12-31 09:49:24,146.2,9600,2454525,146.2,75,146.5,300
2024-12-31 09:49:26,145.5,10275,2454525,145.3,150,145.65,675
2024-12-31 09:49:27,145.8,8175,2454525,145.5,75,145.8,150
2024-12-31 09:49:29,146.8,8325,2454525,146.5,75,146.8,75
2024-12-31 09:49:31,147.05,17025,2454525,146.85,450,147.2,300
2024-12-31 09:49:32,147.45,6075,2454525,147.4,225,147.5,75
2024-12-31 09:49:34,148.6,12450,2454525,148.55,150,148.9,150
2024-12-31 09:49:36,148.05,11250,2454525,147.75,225,148.1,150
2024-12-31 09:49:37,147.8,4875,2454525,147.55,75,147.85,75
2024-12-31 09:49:39,149.0,28050,2454525,148.5,300,148.85,225
2024-12-31 09:49:41,147.75,7950,2454525,147.45,525,147.8,375
2024-12-31 09:49:42,147.35,5025,2454525,147.2,225,147.35,300
2024-12-31 09:49:44,149.05,4875,2454525,148.8,300,149.1,1800
2024-12-31 09:49:46,149.1,6675,2454525,149.1,750,149.45,300
2024-12-31 09:49:47,149.35,9375,2454525,149.05,75,149.4,150
2024-12-31 09:49:49,148.5,14475,2454525,148.55,450,148.65,150
2024-12-31 09:49:51,147.15,7650,2454525,147.15,150,147.55,450
2024-12-31 09:49:52,148.95,6750,2454525,148.65,300,148.95,225
2024-12-31 09:49:54,148.9,5325,2454525,148.45,225,148.85,225
2024-12-31 09:49:56,148.85,3675,2454525,148.75,225,148.95,150
2024-12-31 09:49:57,148.35,2250,2454525,148.1,150,148.35,450
2024-12-31 09:49:59,146.95,22350,2454525,147.0,75,147.25,75
2024-12-31 09:50:01,145.1,11175,2454525,145.1,600,145.35,300
2024-12-31 09:50:02,144.6,15975,2454525,144.6,75,144.9,525
2024-12-31 09:50:04,146.35,14325,2454525,146.25,75,146.55,375
2024-12-31 09:50:06,146.65,5325,2454525,146.5,1275,146.85,225
2024-12-31 09:50:07,146.15,4200,2454525,146.15,75,146.5,375
2024-12-31 09:50:09,146.1,5700,2454525,145.7,450,146.05,300
2024-12-31 09:50:11,146.75,10275,2454525,146.45,225,146.8,525
2024-12-31 09:50:12,145.9,4875,2454525,146.0,300,146.25,225
2024-12-31 09:50:14,146.05,7425,2454525,146.2,300,146.4,75
2024-12-31 09:50:16,146.3,4125,2454525,145.85,525,146.2,300
2024-12-31 09:50:17,146.15,5025,2454525,146.15,225,146.4,75
2024-12-31 09:50:19,145.55,12900,2454525,145.35,75,145.55,450
2024-12-31 09:50:21,145.2,13125,2454525,144.9,675,145.25,375
2024-12-31 09:50:22,144.5,7125,2454525,144.1,225,144.45,525
2024-12-31 09:50:24,144.65,19500,2454525,144.4,825,144.75,375
2024-12-31 09:50:26,145.05,8850,2454525,144.65,150,144.95,225
2024-12-31 09:50:27,144.2,4575,2454525,144.0,75,144.3,975
2024-12-31 09:50:29,143.65,7350,2454525,143.3,75,143.55,150
2024-12-31 09:50:31,143.9,10725,2454525,143.6,375,144.0,1875
2024-12-31 09:50:32,144.8,15750,2454525,144.75,1050,145.15,225
2024-12-31 09:50:34,144.2,3675,2454525,143.85,225,144.2,75
2024-12-31 09:50:36,144.45,6300,2454525,144.25,225,144.45,75
2024-12-31 09:50:37,144.45,5850,2454525,144.2,300,144.55,300
2024-12-31 09:50:39,145.15,5175,2454525,145.15,75,145.45,75
2024-12-31 09:50:41,144.6,4875,2454525,144.5,375,144.55,225
2024-12-31 09:50:42,144.3,6525,2454525,144.0,225,144.35,450
2024-12-31 09:50:44,143.6,7200,2454525,143.6,225,144.0,900
2024-12-31 09:50:46,144.3,5775,2454525,144.25,150,144.6,525
2024-12-31 09:50:47,144.25,6300,2454525,143.85,75,144.15,225
2024-12-31 09:50:49,144.35,2700,2454525,144.35,225,144.4,150
2024-12-31 09:50:51,143.85,2550,2454525,143.6,75,143.85,300
2024-12-31 09:50:52,142.5,36075,2454525,142.5,75,142.8,75
2024-12-31 09:50:54,144.35,13350,2454525,144.1,525,144.45,150
2024-12-31 09:50:56,143.95,14175,2454525,143.9,375,144.25,750
2024-12-31 09:50:57,143.4,11700,2454525,142.7,300,143.05,525
2024-12-31 09:50:59,142.65,7575,2454525,142.45,150,142.8,450
2024-12-31 09:51:01,143.25,15600,2454525,143.0,300,143.3,75
2024-12-31 09:51:02,143.85,7950,2454525,143.75,75,143.9,75
2024-12-31 09:51:04,143.35,18375,2454525,143.1,1275,143.45,150
2024-12-31 09:51:06,143.65,6075,2454525,143.4,75,143.65,1650
2024-12-31 09:51:07,143.2,8100,2454525,143.3,75,143.45,75
2024-12-31 09:51:09,143.0,4500,2454525,142.7,225,143.0,525
2024-12-31 09:51:11,141.7,17100,2454525,141.7,150,142.05,150
2024-12-31 09:51:12,142.4,10050,2454525,142.25,300,142.6,75
2024-12-31 09:51:14,142.75,8025,2454525,142.0,150,142.3,300
2024-12-31 09:51:16,142.25,7275,2454525,142.05,150,142.3,150
2024-12-31 09:51:17,141.4,6975,2454525,141.4,375,141.7,450
2024-12-31 09:51:19,142.9,13575,2454525,142.6,150,142.9,225
2024-12-31 09:51:21,141.0,14475,2454525,141.0,825,141.3,225
2024-12-31 09:51:22,141.6,7275,2454525,141.75,75,142.05,225
2024-12-31 09:51:24,142.8,11325,2454525,142.4,1050,142.75,225
2024-12-31 09:51:26,141.55,14100,2454525,141.4,225,141.7,225
2024-12-31 09:51:27,142.0,30000,2771550,141.7,75,141.95,150
2024-12-31 09:51:29,142.05,13200,2771550,142.1,450,142.45,450
2024-12-31 09:51:31,142.25,6375,2771550,141.85,450,142.2,825
2024-12-31 09:51:32,141.3,13350,2771550,141.0,3750,141.25,300
2024-12-31 09:51:34,143.15,97500,2771550,142.85,150,143.15,300
2024-12-31 09:51:36,143.25,15525,2771550,143.25,975,143.65,225
2024-12-31 09:51:37,143.45,8400,2771550,143.25,75,143.55,150
2024-12-31 09:51:39,144.2,8925,2771550,144.0,600,144.2,75
2024-12-31 09:51:41,143.15,18525,2771550,142.75,225,143.0,150
2024-12-31 09:51:42,142.55,15600,2771550,142.15,75,142.5,1350
2024-12-31 09:51:44,142.0,6525,2771550,141.65,525,142.05,600
2024-12-31 09:51:46,142.6,3075,2771550,142.3,225,142.6,75
2024-12-31 09:51:47,142.5,4800,2771550,142.3,75,142.65,300
2024-12-31 09:51:49,142.15,7650,2771550,142.1,75,142.4,75
2024-12-31 09:51:51,141.7,8250,2771550,141.3,2025,141.5,225
2024-12-31 09:51:52,141.75,8250,2771550,141.6,225,141.95,375
2024-12-31 09:51:54,141.6,10350,2771550,141.7,675,141.95,75
2024-12-31 09:51:56,141.85,14250,2771550,142.1,600,142.5,450
2024-12-31 09:51:57,140.55,21525,2771550,140.1,600,140.5,975
2024-12-31 09:51:59,140.65,11325,2771550,140.5,300,140.85,225
2024-12-31 09:52:01,138.6,31725,2771550,138.6,75,138.8,225
2024-12-31 09:52:02,138.4,20250,2771550,138.1,375,138.4,2700
2024-12-31 09:52:04,139.3,18150,2771550,139.4,75,139.7,150
2024-12-31 09:52:06,140.6,11475,2771550,140.25,525,140.6,525
2024-12-31 09:52:07,140.65,17475,2771550,140.3,150,140.6,450
2024-12-31 09:52:09,138.6,8550,2771550,138.55,150,138.85,225
2024-12-31 09:52:11,137.9,21075,2771550,137.7,975,138.05,375
2024-12-31 09:52:12,137.35,16725,2771550,137.4,225,137.8,675
2024-12-31 09:52:14,138.65,10650,2771550,138.3,300,138.65,675
2024-12-31 09:52:16,140.35,13800,2771550,140.0,900,140.35,150
2024-12-31 09:52:17,139.55,6750,2771550,139.2,150,139.55,1125
2024-12-31 09:52:19,139.35,9375,2771550,139.25,600,139.6,525
2024-12-31 09:52:21,139.5,10200,2771550,139.25,150,139.6,900
2024-12-31 09:52:22,139.55,9750,2771550,139.45,300,139.8,900
2024-12-31 09:52:24,140.9,8175,2771550,140.55,75,140.85,150
2024-12-31 09:52:26,140.3,6375,2771550,140.15,600,140.5,225
2024-12-31 09:52:27,140.25,8100,2771550,140.2,675,140.55,375
2024-12-31 09:52:29,140.5,6975,2771550,140.2,375,140.55,300
2024-12-31 09:52:31,139.35,9075,2771550,139.0,1725,139.2,975
2024-12-31 09:52:32,140.8,5400,2771550,140.3,75,140.55,300
2024-12-31 09:52:34,140.75,5400,2771550,140.65,675,140.75,300
2024-12-31 09:52:36,141.05,9600,2771550,140.9,150,141.05,225
2024-12-31 09:52:37,142.15,18600,2771550,141.85,150,142.15,450
2024-12-31 09:52:39,141.0,10800,2771550,140.8,150,141.05,450
2024-12-31 09:52:41,140.75,4875,2771550,140.5,75,140.7,375
2024-12-31 09:52:42,140.15,11400,2771550,140.2,150,140.5,450
2024-12-31 09:52:44,140.15,4800,2771550,140.0,375,140.15,375
2024-12-31 09:52:46,140.0,6000,2771550,140.0,450,140.15,225
2024-12-31 09:52:47,140.8,4725,2771550,140.5,975,140.8,375
2024-12-31 09:52:49,141.4,6675,2771550,141.3,450,141.55,525
2024-12-31 09:52:51,141.3,8175,2771550,141.0,675,141.3,225
2024-12-31 09:52:52,141.1,6225,2771550,141.15,675,141.45,150
2024-12-31 09:52:54,142.2,16725,2771550,141.95,150,142.2,300
2024-12-31 09:52:56,141.35,9750,2771550,141.4,75,141.7,600
2024-12-31 09:52:57,141.35,9900,2771550,141.0,225,141.25,600
2024-12-31 09:52:59,140.25,7800,2771550,140.3,225,140.55,150
2024-12-31 09:53:01,139.15,36075,2771550,139.0,1050,139.2,600
2024-12-31 09:53:02,140.4,13500,2771550,140.3,150,140.6,450
2024-12-31 09:53:04,142.0,8625,2771550,141.9,750,142.2,300
2024-12-31 09:53:06,142.85,16575,2771550,142.5,150,142.8,675
2024-12-31 09:53:07,142.2,18225,2771550,142.0,375,142.2,150
2024-12-31 09:53:09,142.6,16125,2771550,142.45,150,142.6,75
2024-12-31 09:53:11,142.9,14175,2771550,142.8,825,142.95,150
2024-12-31 09:53:12,144.2,22950,2771550,143.9,900,144.25,225
2024-12-31 09:53:14,146.0,33000,2771550,145.55,150,145.65,75
2024-12-31 09:53:16,146.95,39825,2771550,146.65,825,147.0,2100
2024-12-31 09:53:17,148.0,27225,2771550,147.8,375,148.0,1350
2024-12-31 09:53:19,147.15,30675,2771550,147.0,1050,147.15,225
2024-12-31 09:53:21,146.65,29850,2771550,146.25,1050,146.65,150
2024-12-31 09:53:22,146.7,13125,2771550,146.35,150,146.65,450
2024-12-31 09:53:24,148.3,13725,2771550,148.3,300,148.6,150
2024-12-31 09:53:26,147.0,27825,2771550,146.9,225,147.25,75
2024-12-31 09:53:27,146.5,18450,2771550,146.2,150,146.55,75
2024-12-31 09:53:29,147.3,10200,2771550,147.15,75,147.5,450
2024-12-31 09:53:31,147.8,8475,2771550,147.45,225,147.8,525
2024-12-31 09:53:32,147.55,17550,2771550,147.2,300,147.55,375
2024-12-31 09:53:34,146.95,18600,2771550,146.65,225,147.05,600
2024-12-31 09:53:36,147.6,9150,2771550,147.25,375,147.65,525
2024-12-31 09:53:37,147.35,15375,2771550,147.15,75,147.35,150
2024-12-31 09:53:39,147.15,14025,2771550,146.85,600,147.15,150
2024-12-31 09:53:41,147.3,8325,2771550,147.0,225,147.25,825
2024-12-31 09:53:42,146.7,14250,2771550,146.6,150,146.9,225
2024-12-31 09:53:44,146.95,7500,2771550,146.9,825,147.25,225
2024-12-31 09:53:46,145.95,14400,2771550,145.6,150,145.85,75
2024-12-31 09:53:47,146.45,8250,2771550,146.35,75,146.4,300
2024-12-31 09:53:49,146.65,6075,2771550,146.55,150,146.85,525
2024-12-31 09:53:51,146.95,6225,2771550,146.7,75,146.95,75
2024-12-31 09:53:52,146.1,6150,2771550,145.9,150,146.2,825
2024-12-31 09:53:54,146.65,5400,2771550,146.3,75,146.6,600
2024-12-31 09:53:56,146.95,4650,2771550,146.65,450,146.95,1050
2024-12-31 09:53:57,146.5,3825,2771550,146.25,150,146.5,600
2024-12-31 09:53:59,147.05,11925,2771550,147.0,450,147.3,150
2024-12-31 09:54:01,148.4,20925,2771550,148.3,150,148.45,75
2024-12-31 09:54:02,147.7,13875,2771550,147.75,150,148.0,1050
2024-12-31 09:54:04,148.8,7500,2771550,148.45,375,148.8,300
2024-12-31 09:54:06,148.7,19350,2771550,148.4,450,148.7,300
2024-12-31 09:54:07,149.25,12150,2771550,148.95,225,149.25,450
2024-12-31 09:54:09,150.15,37575,2771550,150.0,75,150.2,525
2024-12-31 09:54:11,151.35,40350,2771550,151.0,600,151.4,450
2024-12-31 09:54:12,151.9,36900,2771550,151.5,300,151.8,150
2024-12-31 09:54:14,152.9,30375,2771550,152.4,150,152.7,150
2024-12-31 09:54:16,152.1,22800,2771550,151.65,750,152.0,150
2024-12-31 09:54:17,152.2,21600,2771550,151.8,525,152.1,150
2024-12-31 09:54:19,151.6,24525,2771550,151.2,300,151.6,1125
2024-12-31 09:54:21,151.65,18000,2771550,151.35,75,151.65,225
2024-12-31 09:54:22,152.6,17775,2771550,152.2,300,152.55,300
2024-12-31 09:54:24,151.5,15225,2771550,150.95,75,151.25,525
2024-12-31 09:54:26,150.05,20625,2771550,150.0,11400,150.3,825
2024-12-31 09:54:27,148.55,31125,2771550,148.35,75,148.5,300
2024-12-31 09:54:29,149.1,21075,3010425,148.9,225,149.3,600
2024-12-31 09:54:31,148.0,14475,3010425,147.5,600,147.85,825
2024-12-31 09:54:32,147.1,11400,3010425,146.65,600,146.95,225
2024-12-31 09:54:34,147.2,9675,3010425,147.0,75,147.35,300
2024-12-31 09:54:36,145.6,25350,3010425,145.8,225,146.1,2100
2024-12-31 09:54:37,145.9,25200,3010425,145.65,375,145.9,3075
2024-12-31 09:54:39,145.05,13125,3010425,145.05,75,145.35,75
2024-12-31 09:54:41,146.0,8700,3010425,145.65,75,145.9,75
2024-12-31 09:54:42,144.35,13200,3010425,143.95,225,144.3,1050
2024-12-31 09:54:44,146.05,16575,3010425,145.55,300,145.9,450
2024-12-31 09:54:46,145.75,14550,3010425,145.4,75,145.75,225
2024-12-31 09:54:47,146.05,6750,3010425,146.05,75,146.4,750
2024-12-31 09:54:49,147.7,7950,3010425,147.35,150,147.7,150
2024-12-31 09:54:51,147.6,3300,3010425,147.25,75,147.55,225
2024-12-31 09:54:52,146.9,9975,3010425,146.95,75,147.25,225
2024-12-31 09:54:54,149.35,12300,3010425,148.9,525,149.25,225
2024-12-31 09:54:56,148.4,6375,3010425,148.3,525,148.65,300
2024-12-31 09:54:57,148.25,12450,3010425,147.9,150,148.25,750
2024-12-31 09:54:59,147.9,9150,3010425,147.95,1050,148.3,225
2024-12-31 09:55:01,147.75,13950,3010425,147.45,75,147.7,75
2024-12-31 09:55:02,146.8,12375,3010425,146.45,300,146.8,225
2024-12-31 09:55:04,146.7,11850,3010425,146.35,300,146.7,375
2024-12-31 09:55:06,146.65,18675,3010425,146.35,375,146.7,225
2024-12-31 09:55:07,145.65,25725,3010425,145.65,375,146.0,150
2024-12-31 09:55:09,146.1,6525,3010425,145.5,375,145.8,150
2024-12-31 09:55:11,144.5,12000,3010425,144.55,450,144.85,75
2024-12-31 09:55:12,145.6,6525,3010425,145.65,225,145.95,75
2024-12-31 09:55:14,145.35,10275,3010425,145.0,150,145.35,600
2024-12-31 09:55:16,144.75,5625,3010425,144.8,375,145.15,525
2024-12-31 09:55:17,145.65,6900,3010425,145.65,525,146.05,600
2024-12-31 09:55:19,144.55,8550,3010425,144.5,150,144.6,75
2024-12-31 09:55:21,143.85,18750,3010425,143.85,300,144.0,75
2024-12-31 09:55:22,143.4,10275,3010425,143.4,450,143.7,150
2024-12-31 09:55:24,143.55,23625,3010425,143.35,75,143.65,150
2024-12-31 09:55:26,142.3,22275,3010425,142.0,525,142.3,300
2024-12-31 09:55:27,140.65,20700,3010425,140.65,600,140.9,75
2024-12-31 09:55:29,140.3,45600,3010425,140.3,150,140.6,600
2024-12-31 09:55:31,140.55,23100,3010425,140.65,75,140.9,75
2024-12-31 09:55:32,142.35,11775,3010425,142.1,675,142.35,75
2024-12-31 09:55:34,142.15,15075,3010425,141.85,150,142.15,75
2024-12-31 09:55:36,141.35,18525,3010425,141.15,300,141.35,1350
2024-12-31 09:55:37,141.55,10350,3010425,141.4,450,141.55,825
2024-12-31 09:55:39,140.75,8175,3010425,140.7,75,140.85,525
2024-12-31 09:55:41,139.25,23025,3010425,139.2,300,139.5,150
2024-12-31 09:55:42,139.15,16950,3010425,139.1,375,139.45,225
2024-12-31 09:55:44,140.4,11775,3010425,140.0,150,140.25,225
2024-12-31 09:55:46,140.0,19650,3010425,140.0,1425,140.2,450
2024-12-31 09:55:47,139.85,18525,3010425,139.85,225,140.2,450
2024-12-31 09:55:49,141.2,12075,3010425,140.85,225,141.2,525
2024-12-31 09:55:51,141.6,14775,3010425,141.4,375,141.7,75
2024-12-31 09:55:52,140.6,8025,3010425,140.4,75,140.6,75
2024-12-31 09:55:54,142.1,5925,3010425,141.75,375,142.1,1125
2024-12-31 09:55:56,142.5,7050,3010425,142.7,900,143.0,675
2024-12-31 09:55:57,142.9,13350,3010425,142.6,750,142.9,75
2024-12-31 09:55:59,143.95,15300,3010425,143.9,900,144.25,225
2024-12-31 09:56:01,143.7,16575,3010425,143.4,300,143.75,150
2024-12-31 09:56:02,143.2,23025,3010425,143.0,525,143.2,1800
2024-12-31 09:56:04,145.45,10575,3010425,145.15,975,145.45,1575
2024-12-31 09:56:06,144.8,16050,3010425,144.8,600,145.2,1275
2024-12-31 09:56:07,145.4,6900,3010425,145.15,225,145.5,300
2024-12-31 09:56:09,145.3,9750,3010425,145.0,300,145.3,825
2024-12-31 09:56:11,143.0,9525,3010425,143.0,450,143.3,375
2024-12-31 09:56:12,143.95,3675,3010425,143.9,225,144.25,675
2024-12-31 09:56:14,144.45,5850,3010425,144.15,375,144.5,75
2024-12-31 09:56:16,144.05,6525,3010425,144.05,225,144.45,975
2024-12-31 09:56:17,143.55,8400,3010425,143.15,525,143.5,300
2024-12-31 09:56:19,144.4,7200,3010425,143.95,975,144.35,225
2024-12-31 09:56:21,143.8,8700,3010425,143.5,750,143.85,750
2024-12-31 09:56:22,142.95,9750,3010425,142.8,300,143.1,150
2024-12-31 09:56:24,144.0,3375,3010425,143.75,150,144.0,1500
2024-12-31 09:56:26,143.85,8025,3010425,143.3,75,143.6,375
2024-12-31 09:56:27,142.7,6225,3010425,142.15,375,142.55,300
2024-12-31 09:56:29,143.15,6825,3010425,142.85,225,143.2,1200
2024-12-31 09:56:31,143.6,14850,3010425,143.55,150,143.9,225
2024-12-31 09:56:32,144.75,10200,3010425,144.7,825,145.0,4425
2024-12-31 09:56:34,145.4,8700,3010425,145.2,375,145.55,150
2024-12-31 09:56:36,143.1,7275,3010425,143.05,600,143.4,750
2024-12-31 09:56:37,145.2,4575,3010425,145.05,1350,145.45,525
2024-12-31 09:56:39,145.25,3900,3010425,144.95,75,145.25,225
2024-12-31 09:56:41,145.0,5850,3010425,144.75,150,145.05,675
2024-12-31 09:56:42,145.75,7575,3010425,145.7,1725,146.0,3750
2024-12-31 09:56:44,146.9,10200,3010425,146.6,750,146.95,225
2024-12-31 09:56:46,148.6,25350,3010425,148.45,75,148.75,300
2024-12-31 09:56:47,154.7,86175,3010425,154.45,675,154.75,75
2024-12-31 09:56:49,153.4,32400,3010425,153.15,150,153.45,150
2024-12-31 09:56:51,153.7,42450,3010425,153.7,75,154.05,900
2024-12-31 09:56:52,152.25,27675,3010425,152.2,375,152.55,75
2024-12-31 09:56:54,151.4,21825,3010425,151.1,1575,151.35,300
2024-12-31 09:56:56,149.2,31350,3010425,149.35,150,149.65,75
2024-12-31 09:56:57,149.1,20475,3010425,148.65,450,149.05,375
2024-12-31 09:56:59,150.0,15525,3010425,149.55,150,149.95,300
2024-12-31 09:57:01,148.4,15375,3010425,147.7,150,148.05,600
2024-12-31 09:57:02,149.05,19725,3010425,148.75,150,149.05,450
2024-12-31 09:57:04,147.65,9900,3010425,147.7,150,148.05,375
2024-12-31 09:57:06,149.75,14550,3010425,149.3,75,149.65,450
2024-12-31 09:57:07,149.3,9975,3010425,149.2,375,149.55,300
2024-12-31 09:57:09,149.65,7575,3010425,149.3,825,149.65,150
2024-12-31 09:57:11,150.5,7875,3010425,150.1,75,150.4,375
2024-12-31 09:57:12,150.05,13275,3010425,149.7,375,150.05,150
2024-12-31 09:57:14,149.6,9975,3010425,149.25,300,149.6,150
2024-12-31 09:57:16,149.2,6525,3010425,149.25,75,149.6,150
2024-12-31 09:57:17,150.2,8325,3010425,150.05,150,150.4,375
2024-12-31 09:57:19,149.0,10950,3010425,148.7,225,149.1,900
2024-12-31 09:57:21,147.1,9825,3010425,147.15,450,147.5,1575
2024-12-31 09:57:22,145.9,18600,3010425,145.9,375,146.25,150
2024-12-31 09:57:24,148.0,7125,3010425,147.75,825,148.0,75
2024-12-31 09:57:26,147.6,9600,3010425,147.65,375,148.05,150
2024-12-31 09:57:27,147.7,5100,3290775,147.4,675,147.7,225
2024-12-31 09:57:29,148.3,6075,3290775,148.05,375,148.4,375
2024-12-31 09:57:31,148.15,2700,3290775,148.15,375,148.55,1050
2024-12-31 09:57:32,148.45,3900,3290775,148.25,75,148.6,1125
2024-12-31 09:57:34,150.0,7125,3290775,149.8,900,150.15,75
2024-12-31 09:57:36,149.4,5700,3290775,149.4,1125,149.75,225
2024-12-31 09:57:37,148.45,5925,3290775,148.2,600,148.5,75
2024-12-31 09:57:39,149.95,2025,3290775,149.45,150,149.85,1050
2024-12-31 09:57:41,149.9,6000,3290775,149.9,600,150.25,300
2024-12-31 09:57:42,149.45,7275,3290775,149.05,150,149.4,900
2024-12-31 09:57:44,150.05,9225,3290775,150.05,450,150.45,225
2024-12-31 09:57:46,150.6,5775,3290775,150.25,300,150.6,300
2024-12-31 09:57:47,148.9,7575,3290775,148.5,675,148.9,450
2024-12-31 09:57:49,149.05,6375,3290775,148.65,450,148.95,225
2024-12-31 09:57:51,148.8,5175,3290775,148.5,675,148.8,75
2024-12-31 09:57:53,148.45,7875,3290775,148.1,150,148.45,450
2024-12-31 09:57:54,148.95,4350,3290775,148.9,150,149.2,150
2024-12-31 09:57:56,149.2,3300,3290775,148.8,225,149.15,450
2024-12-31 09:57:58,149.2,2250,3290775,148.85,75,149.2,1125
2024-12-31 09:57:59,148.5,2325,3290775,148.55,525,148.95,1350
2024-12-31 09:58:01,146.95,10950,3290775,146.6,75,146.9,525
2024-12-31 09:58:03,147.25,5700,3290775,147.25,225,147.6,600
2024-12-31 09:58:04,147.6,6975,3290775,147.25,225,147.6,525
2024-12-31 09:58:06,147.25,3825,3290775,147.25,150,147.6,1050
2024-12-31 09:58:08,147.8,4350,3290775,147.4,450,147.75,225
2024-12-31 09:58:09,147.95,3300,3290775,148.0,750,148.35,375
2024-12-31 09:58:11,146.0,10500,3290775,145.7,150,146.0,375
2024-12-31 09:58:13,146.8,4800,3290775,146.45,300,146.8,150
2024-12-31 09:58:14,147.0,5025,3290775,146.65,300,147.0,750
2024-12-31 09:58:16,149.0,8325,3290775,149.0,300,149.35,300
2024-12-31 09:58:18,148.65,2700,3290775,148.25,225,148.6,450
2024-12-31 09:58:19,148.3,2175,3290775,148.15,75,148.5,600
2024-12-31 09:58:21,148.85,3600,3290775,148.9,150,149.2,75
2024-12-31 09:58:23,150.25,11550,3290775,150.1,75,150.35,75
2024-12-31 09:58:24,150.0,5250,3290775,149.6,75,149.75,75
2024-12-31 09:58:26,148.7,7800,3290775,148.65,375,149.0,225
2024-12-31 09:58:28,149.1,8625,3290775,149.25,75,149.5,75
2024-12-31 09:58:29,149.35,2550,3290775,149.3,75,149.5,750
2024-12-31 09:58:31,147.25,7650,3290775,147.1,150,147.45,1200
2024-12-31 09:58:33,147.55,8850,3290775,147.25,75,147.55,300
2024-12-31 09:58:34,147.5,4200,3290775,147.45,450,147.55,75
2024-12-31 09:58:36,147.35,4500,3290775,147.15,75,147.3,2175
2024-12-31 09:58:38,148.05,15375,3290775,147.85,525,148.2,450
2024-12-31 09:58:39,148.5,4200,3290775,148.15,75,148.45,150
2024-12-31 09:58:41,149.25,5100,3290775,148.95,75,149.2,1050
2024-12-31 09:58:43,149.5,12825,3290775,149.5,150,149.85,150
2024-12-31 09:58:44,149.8,3150,3290775,149.7,75,149.9,75
2024-12-31 09:58:46,149.8,5550,3290775,149.45,375,149.85,225
2024-12-31 09:58:48,149.0,6375,3290775,148.8,75,149.0,75
2024-12-31 09:58:49,149.75,2250,3290775,149.4,225,149.75,375
2024-12-31 09:58:51,149.45,4125,3290775,149.45,450,149.8,300
2024-12-31 09:58:53,149.3,5775,3290775,149.25,75,149.6,750
2024-12-31 09:58:54,149.75,3150,3290775,149.45,675,149.8,825
2024-12-31 09:58:56,151.0,18000,3290775,150.75,750,151.1,450
2024-12-31 09:58:58,150.85,6225,3290775,150.75,525,151.15,825
2024-12-31 09:58:59,149.45,7575,3290775,149.1,375,149.45,525
2024-12-31 09:59:01,148.25,13275,3290775,148.0,825,148.35,150
2024-12-31 09:59:03,148.9,4950,3290775,148.9,75,149.1,150
2024-12-31 09:59:04,150.15,7500,3290775,150.25,225,150.6,75
2024-12-31 09:59:06,149.85,6825,3290775,149.8,375,150.15,225
2024-12-31 09:59:08,149.1,6000,3290775,148.55,225,148.9,525
2024-12-31 09:59:09,150.0,2925,3290775,149.8,900,150.0,225
2024-12-31 09:59:11,150.5,5775,3290775,150.2,600,150.55,150
2024-12-31 09:59:13,151.55,7800,3290775,151.2,225,151.55,1200
2024-12-31 09:59:14,151.1,11550,3290775,151.1,600,151.45,75
2024-12-31 09:59:16,151.85,30525,3290775,151.5,1200,151.85,225
2024-12-31 09:59:18,154.0,36525,3290775,153.95,150,154.15,225
2024-12-31 09:59:19,155.3,57300,3290775,155.3,150,155.6,150
2024-12-31 09:59:21,157.0,44100,3290775,156.65,75,157.0,3600
2024-12-31 09:59:23,158.55,59100,3290775,158.15,150,158.5,375
2024-12-31 09:59:24,158.75,42600,3290775,158.75,675,159.15,150
2024-12-31 09:59:26,157.75,54375,3290775,157.45,75,157.8,525
2024-12-31 09:59:28,158.65,28425,3290775,158.65,225,159.0,300
2024-12-31 09:59:29,157.65,41700,3290775,157.65,150,158.1,675
2024-12-31 09:59:31,158.9,31950,3290775,158.9,675,159.3,225
2024-12-31 09:59:32,161.95,95775,3290775,162.1,75,162.5,150
2024-12-31 09:59:34,160.0,85050,3290775,159.85,300,160.3,150
2024-12-31 09:59:36,160.9,50100,3290775,160.5,900,160.85,225
2024-12-31 09:59:37,162.0,31500,3290775,161.95,150,162.25,600
2024-12-31 09:59:39,160.9,31500,3290775,160.85,225,161.25,225
2024-12-31 09:59:41,159.9,25350,3290775,159.5,450,159.9,1275
2024-12-31 09:59:42,160.15,32250,3290775,159.85,75,160.15,150
2024-12-31 09:59:44,157.25,36900,3290775,157.2,300,157.55,225
2024-12-31 09:59:46,158.05,17550,3290775,157.65,225,158.05,300
2024-12-31 09:59:47,158.6,15600,3290775,158.15,225,158.55,150
2024-12-31 09:59:49,158.4,12900,3290775,158.45,150,158.85,525
2024-12-31 09:59:51,157.05,24075,3290775,157.3,600,157.7,225
2024-12-31 09:59:52,157.5,9450,3290775,157.55,300,157.95,375
2024-12-31 09:59:54,158.45,7725,3290775,158.25,525,158.65,375
2024-12-31 09:59:56,159.05,13500,3290775,158.95,150,159.35,225
2024-12-31 09:59:58,159.65,9225,3290775,159.3,150,159.65,300
2024-12-31 09:59:59,160.05,21375,3290775,159.65,825,160.0,150
2024-12-31 10:00:01,161.65,29175,3290775,161.4,975,161.8,150
2024-12-31 10:00:03,159.45,20100,3290775,159.05,975,159.35,525
2024-12-31 10:00:04,158.8,16500,3290775,158.75,450,159.2,450
2024-12-31 10:00:06,159.35,10800,3290775,159.3,150,159.6,450
2024-12-31 10:00:08,160.35,7950,3290775,160.3,75,160.65,1200
2024-12-31 10:00:09,159.9,13275,3290775,159.7,225,160.05,75
2024-12-31 10:00:11,159.7,15600,3290775,159.75,450,160.15,225
2024-12-31 10:00:13,160.6,13125,3290775,160.25,225,160.5,225
2024-12-31 10:00:14,160.9,22650,3290775,160.55,675,160.95,150
2024-12-31 10:00:16,161.1,11025,3290775,161.0,675,161.45,450
2024-12-31 10:00:18,163.35,33150,3290775,162.9,900,163.35,150
2024-12-31 10:00:19,164.75,76425,3290775,164.35,150,164.75,375
2024-12-31 10:00:21,165.0,66900,3290775,165.1,225,165.4,375
2024-12-31 10:00:23,165.45,41475,3290775,165.25,75,165.6,375
2024-12-31 10:00:24,164.65,57675,3290775,164.3,150,164.7,825
2024-12-31 10:00:26,163.8,26775,3290775,163.6,300,163.8,375
2024-12-31 10:00:28,162.35,25500,3290775,162.35,75,162.7,225
2024-12-31 10:00:29,161.5,22725,3221100,161.1,1125,161.45,225
2024-12-31 10:00:31,159.35,45300,3221100,159.0,75,159.35,1200
2024-12-31 10:00:33,157.65,32250,3221100,157.2,450,157.65,150
2024-12-31 10:00:34,159.55,31350,3221100,159.35,75,159.6,75
2024-12-31 10:00:36,159.15,32925,3221100,158.8,375,159.2,150
2024-12-31 10:00:38,158.95,17025,3221100,158.95,375,159.3,600
2024-12-31 10:00:39,158.55,7800,3221100,158.75,450,159.1,150
2024-12-31 10:00:41,158.85,12150,3221100,158.3,375,158.7,75
2024-12-31 10:00:43,158.6,9825,3221100,158.45,300,158.85,375
2024-12-31 10:00:44,156.2,19875,3221100,156.3,525,156.7,450
